2592 4084
379 300 490 357 136
1162 313 1425 359 BRUTUS.

362 423 592 484 'habitus
615 433 700 484 est
722 444 854 485 sane
887 430 971 499 (ut
995 430 1073 484 ita
1109 429 1312 499 dicam)
1337 430 1688 485 truculentus
1712 435 1999 500 patronae,
2028 446 2216 503 asper,

368 512 693 582 maledicuS,
730 530 936 584 genere
971 519 1086 570 toto
1123 513 1309 584 paullo
1348 513 1638 579 fervidior,
1672 519 1839 586 atque
1871 515 2216 583 commotior,

369 596 659 669 diligentia
684 602 891 670 tamen,
919 603 976 653 et
998 597 1203 654 virtute
1233 599 1424 663 animi,
1462 603 1628 671 atque
1657 598 1790 670 vita,
1823 598 2005 655 bonus
2025 604 2221 655 auctor

367 682 427 736 in
447 687 663 737 senatu.
684 683 839 738 Idem
863 682 1170 739 tolerabilis
1190 690 1478 756 patronus,
1503 699 1606 740 nec
1630 682 1787 739 rudis
1812 683 1870 738 in
1890 684 2017 756 jure
2041 685 2212 758 civili,

368 768 427 819 et
466 780 638 836 quum
676 765 904 837 virtute,
946 772 1066 821 tum
1102 767 1268 821 etiam
1312 766 1431 837 ipso
1472 764 1737 822 orationis
1781 782 1991 837 genere
2028 767 2212 824 liber:

365 847 524 920 cujus
550 849 830 906 orationes
852 850 1012 922 pueri
1041 851 1384 922 legebamuS,
1408 865 1546 922 quas
1566 848 1684 922 jam
1709 841 1958 922 reperire
1987 852 2077 909 vix
2097 868 2219 923 pos-

363 948 578 989 sumus·

433 1021 610 1090 Atque
634 1019 803 1076 etiam
837 1019 1082 1092 ingenio,
1116 1028 1174 1077 et
1197 1035 1453 1077 sermone
1482 1020 1744 1091 eleganti,
1780 1020 2096 1078 valetudine
2126 1023 2212 1077 in-

364 1101 674 1172 commoda,
700 1102 762 1158 C.
787 1103 1010 1159 Sextius
1036 1104 1300 1160 Calvinus
1324 1104 1460 1176 fuit3
1491 1104 1587 1174 qui
1620 1104 1747 1174 etsi,
1783 1121 1954 1176 quum
1978 1106 2212 1162 remise-

362 1192 485 1242 rant
526 1186 747 1243 dolores
791 1187 1018 1260 pedum,
1059 1204 1165 1243 non
1213 1188 1405 1245 deerat
1441 1189 1497 1242 in
1542 1187 1745 1259 causiS,
1789 1194 1978 1245 tamen
2010 1190 2069 1245 id
2104 1206 2214 1247 non

361 1284 509 1341 saepe
534 1269 792 1326 faciebat.
819 1272 1008 1343 Itaque
1030 1270 1256 1327 consilio
1281 1270 1424 1343 eju3‚
1450 1287 1623 1342 quum
1646 1270 1924 1345 volebant,
1955 1272 2215 1330 homines

360 1354 696 1426 utebantur;
739 1356 1068 1428 patrocinio,
1119 1372 1291 1428 quum
1343 1355 1566 1413 licebat.
1623 1357 1826 1413 Iisdem
1870 1358 2215 1429 temporibus

360 1441 439 1494 M.
483 1442 709 1506 Brutus,
756 1440 815 1496 in
854 1457 965 1514 quo
1006 1457 1273 1513 magnum
1316 1441 1441 1507 fuit,
1489 1445 1679 1513 Brute,
1729 1442 1970 1498 dedecus
2012 1444 2214 1512 generi

358 1526 568 1593 vestre,
595 1522 712 1596 qui,
751 1539 922 1595 quum
955 1529 1108 1579 tanto
1140 1524 1362 1580 nomine
1398 1532 1564 1589 esset,
1593 1529 1916 1597 patremque
1944 1528 2210 1595 optimum

358 1603 546 1660 virum
568 1605 854 1662 habuisset
877 1612 934 1664 et
949 1605 1094 1680 juris
1118 1608 1540 1681 peritissimum,
1564 1609 1969 1665 accusationem
1993 1609 2189 1665 factita-

356 1688 523 1761 verit,
550 1695 613 1746 ut
635 1690 864 1748 Athenis
884 1693 1174 1763 Lycurgus
1198 1710 1211 1746 :
1241 1691 1291 1763 is
1322 1692 1679 1764 magistratus
1714 1708 1825 1748 non
1859 1692 2074 1764 petivit,
2108 1692 2211 1754 sed

357 1770 464 1828 fuit
489 1779 781 1830 accusator
801 1773 1122 1845 vehemenS,
1153 1779 1208 1829 et
1227 1772 1518 1845 molestus,
1550 1779 1613 1831 ut
1637 1773 1800 1829 facile
1829 1791 2087 1832 cerneres
2109 1791 2210 1831 na-

353 2043 479 2093 mais
505 2041 758 2105 beaucoup
778 2041 890 2106 plus
913 2043 1204 2105 longtemps,
1228 2056 1387 2105 passa,
1416 2041 1453 2089 il
1474 2040 1579 2088 faut
1606 2041 1655 2089 le
1676 2042 1797 2092 dire.
1835 2058 1959 2104 pour
1984 2059 2053 2091 un
2086 2059 2190 2094 avo-

352 2126 433 2171 cat
463 2120 697 2184 brusque,
720 2120 781 2168 de
810 2122 1057 2169 mauvaise
1090 2121 1315 2169 humour.
1339 2120 1384 2169 11
1403 2120 1523 2168 emit
1550 2120 1797 2179 mordent,
1822 2121 2055 2184 satirique
2073 2130 2124 2171 et
2144 2139 2206 2172 en

351 2199 550 2264 general
592 2206 703 2262 trop
745 2199 1004 2262 passionne
1042 2208 1091 2248 et
1127 2208 1236 2265 trop
1258 2200 1511 2248 vehement
1532 2218 1546 2256 ς
1583 2201 1810 2248 toutefois
1856 2216 1941 2250 sou
1974 2202 2092 2257 zelo,
2130 2217 2207 2250 ses

351 2293 554 2338 moeurs,
577 2284 627 2327 et
644 2279 873 2343 l‘energie
893 2278 952 2327 de
976 2294 1064 2328 son
1085 2282 1347 2336 caractere,
1363 2279 1436 2327 lui
1461 2278 1725 2327 dounaient
1741 2278 1800 2327 de
1816 2279 2060 2328 l'autorite
2082 2279 2205 2328 dans

348 2357 398 2407 le
420 2359 575 2408 senat.
610 2357 693 2407 Du
732 2365 877 2417 rests,
901 2359 941 2406 il
983 2358 1187 2422 plaidait
1211 2374 1328 2407 avec
1372 2358 1579 2420 quelque
1622 2362 1809 2420 succes,
1840 2358 2137 2407 connaissait
2157 2362 2206 2409 le

351 2435 482 2485 droit
506 2437 640 2497 civil,
667 2445 716 2485 et
748 2437 929 2500 portait
951 2437 1073 2486 dans
1100 2454 1174 2486 ses
1214 2438 1434 2486 discours
1466 2443 1601 2485 toute
1634 2436 2032 2500 l’independance
2062 2438 2120 2486 de
2148 2453 2204 2488 sa

347 2523 504 2565 vertu.
539 2516 679 2567 Nous
709 2518 780 2567 les
812 2518 980 2567 lisions
1008 2518 1131 2567 dans
1168 2532 1308 2566 notre
1344 2518 1549 2566 enfance
1573 2535 1588 2577 ς
1636 2532 1701 2566 on
1735 2518 1897 2566 sursit
1916 2519 2056 2582 peine
2081 2521 2113 2566 ὲ
2131 2521 2205 2570 les

347 2602 545 2646 trouver
567 2597 907 2660 aujourd’hui.

413 2677 544 2724 Avec
567 2676 625 2724 de
646 2677 698 2725 la
721 2679 867 2741 grace
887 2677 1008 2725 dans
1029 2675 1220 2740 l’esprit
1242 2684 1290 2724 et
1316 2675 1438 2725 dans
1460 2678 1506 2725 le
1535 2678 1765 2742 langage,
1808 2678 1943 2726 Sext.
1970 2678 2203 2728 Calvinus

344 2762 428 2802 eut
447 2768 545 2803 une
565 2758 705 2803 sante
729 2755 812 2803 des
833 2756 944 2818 plus
961 2754 1251 2803 mauvaises.
1284 2754 1461 2816 Quand
1484 2758 1535 2805 la
1558 2764 1725 2820 goutte
1742 2756 1815 2805 lui
1839 2757 2027 2805 laissait
2057 2759 2200 2820 quel-

343 2848 438 2896 que
456 2834 667 2895 relflohe,
691 2835 730 2882 il
751 2850 814 2883 ne
833 2835 1039 2884 refusait
1072 2837 1212 2899 point
1243 2850 1341 2884 une
1355 2851 1530 2895 eaus03
1557 2837 1681 2884 mais
1699 2836 1806 2884 cela
1830 2838 2086 2885 n'arrivait
2112 2854 2200 2902 pas

341 2922 564 2962 convent.
587 2914 732 2961 Aussi
763 2914 999 2977 premit-il
1021 2914 1067 2963 le
1082 2933 1085 2936 ·
1100 2929 1295 2962 secours
1326 2915 1385 2961 de
1422 2931 1497 2963 ses
1537 2915 1768 2964 lumieres
1801 2922 1959 2963 toutes
2001 2917 2072 2965 les
2103 2919 2199 2965 fois

344 2992 494 3054 qu’on
511 2993 560 3041 le
579 2995 766 3042 voulait
786 3011 800 3052 ς
822 2993 951 3042 celui
975 2994 1032 3042 de
1056 3009 1111 3042 sa.
1134 2996 1266 3051 voix,
1294 3001 1453 3044 tontes
1475 2996 1543 3042 les
1562 2995 1655 3043 fois
1677 2994 1799 3057 qu'il
1828 2996 1875 3043 le
1896 2999 2113 3058 pouvait.
2149 2999 2199 3045 A

346 3072 398 3120 la
423 3074 580 3120 meme
614 3074 797 3136 epoque
836 3074 990 3122 vivait
1024 3075 1094 3122 M.
1124 3072 1324 3135 Brutus,
1355 3075 1473 3124 dont
1498 3076 1548 3123 la
1569 3074 1799 3124 conduite
1827 3075 1902 3122 fut
1927 3091 1992 3123 un
2016 3076 2197 3125 affront

341 3167 471 3215 pour
492 3158 630 3201 voti-e
656 3153 860 3201 familie.
887 3152 1010 3202 Sans
1032 3162 1219 3217 respect
1246 3169 1369 3216 pour
1404 3155 1452 3202 le
1475 3169 1595 3202 nom
1617 3154 1739 3216 qu’il
1761 3154 1958 3217 poi-tait,
1995 3156 2046 3202 ni
2073 3169 2197 3217 pour

337 3231 411 3280 les
445 3239 611 3281 vet-tus
635 3233 753 3280 d’un
775 3234 905 3297 pere,
930 3234 1172 3282 excellent
1200 3235 1397 3297 citoyeu
1416 3243 1466 3283 et
1499 3233 1656 3298 grand
1691 3234 2057 3297 jurisconsulto,
2079 3234 2120 3281 il
2143 3250 2196 3282 se

336 3310 411 3371 fit,
435 3327 622 3361 comme
638 3313 917 3361 l'Athe'uien
940 3314 1218 3377 Lycurgus,
1245 3330 1314 3362 un
1334 3316 1504 3362 metier
1524 3313 1581 3362 de
1610 3314 1944 3363 l’aocusation.
1972 3313 2017 3362 11
2038 3328 2098 3361 ne
2114 3313 2197 3363 de-

337 3392 519 3442 manda
540 3393 682 3457 point
702 3393 772 3442 les
801 3395 1186 3458 magistratureS,
1214 3396 1341 3442 mais
1364 3410 1419 3442 ce
1441 3393 1517 3442 fut
1537 3409 1610 3442 un
1627 3403 1911 3442 accusateur
1937 3394 2125 3441 violent
2146 3400 2197 3441 et

335 3470 552 3522 rodente.
568 3472 615 3523 11
640 3474 759 3523 etait
780 3475 924 3524 facile
939 3475 998 3524 de
1018 3477 1123 3525 voit
1152 3475 1333 3539 qu’une
1350 3473 1609 3539 pei-versit&
1622 3471 1845 3542 reflechio
1860 3473 1993 3523 avait
2011 3472 2194 3522 etouffe
