2592 4084
455 286 572 343 206
1244 296 1506 341 Bnurus.

452 411 659 481 eausiS,
687 410 742 464 in
770 408 972 481 quibus
992 409 1171 465 omnis
1187 425 1279 465 res
1297 407 1459 464 nobis
1482 425 1608 465 eum
1628 406 1912 479 judicibus
1933 414 2034 480 est,
2053 425 2166 469 non
2180 425 2312 467 eum

450 509 674 582 popu10,
717 514 927 579 tamen,
954 511 1002 563 si
1037 524 1071 564 a
1106 524 1310 564 corona
1350 506 1576 563 relictus
1609 506 1733 574 sim,
1766 522 1876 562 non
1914 523 2113 579 queam
2155 507 2310 564 dice--

451 621 533 661 re.
561 635 632 644 -
659 606 740 659 Ita
776 620 856 674 se,
901 602 1150 676 inquam,
1179 620 1271 660 res
1312 602 1481 659 habet
1509 621 1524 660 :
1557 609 1638 674 ut,
1686 603 1732 658 si
1766 602 1918 659 tibiae
1953 603 2161 660 inflatae
2196 620 2309 660 non

450 703 691 758 referant
713 717 932 772 sonum,
952 701 1291 774 abjiciendas
1312 718 1407 759 eas
1430 701 1537 757 sibi
1559 701 1765 757 tibicen
1777 708 1940 773 putet
1954 746 1968 773 ‚
2001 702 2081 757 sic
2097 704 2305 757 oratori

448 799 642 871 populi
667 815 832 855 aures
856 804 1120 871 tanquam
1155 800 1303 855 tibiae
1334 805 1491 871 sunt3
1522 815 1603 854 eae
1640 800 1689 863 si
1729 798 1979 855 inflatum
2023 815 2129 855 non
2163 799 2303 856 reoi-

448 897 625 970 pium,
659 902 755 952 aut
780 897 828 951 si
855 897 1079 952 auditor
1111 898 1335 953 omnino
1358 902 1623 971 tanquam
1662 913 1837 969 equus
1862 912 1973 952 non
2001 896 2152 965 facit,
2186 897 2304 969 agi-

447 993 599 1050 tandi
628 992 753 1048 finis
779 993 1067 1050 faciendus
1086 999 1189 1049 est.

517 1093 628 1146 LII.
670 1093 784 1146 Hoc
820 1096 1006 1145 tamen
1031 1090 1287 1161 interest,
1318 1090 1466 1162 quod
1494 1090 1697 1163 vulgus
1724 1089 2000 1147 interdum
2030 1107 2139 1147 non
2169 1108 2299 1164 pro-

446 1185 688 1242 bandum
721 1191 995 1241 oratorem
1036 1185 1263 1257 probat3
1304 1185 1404 1241 sed
1445 1186 1646 1259 probat
1687 1186 1806 1242 sine
1838 1188 2251 1259 comparatione
2281 1206 2296 1245 τ

448 1301 619 1357 quum
647 1301 681 1341 a
702 1284 986 1357 mediocri,
1013 1290 1111 1340 aut
1138 1285 1304 1341 etiam
1340 1301 1374 1341 a
1415 1284 1561 1340 malo
1591 1268 1916 1357 delectatur,
1950 1300 2015 1341 eo
2048 1292 2134 1341 est
2165 1302 2297 1342 con·

445 1387 661 1454 tentus3
692 1397 815 1438 esse
852 1380 1052 1438 melius
1084 1398 1194 1437 non
1220 1381 1417 1454 sentin
1449 1382 1610 1455 illud,
1640 1382 1787 1455 quod
1825 1389 1927 1454 est,
1970 1382 2295 1456 qualecum-

449 1494 557 1550 que
593 1483 680 1534 est
711 1477 923 1550 probat.
952 1481 1125 1534 Tenet
1153 1478 1304 1534 enim
1327 1495 1491 1535 aures
1525 1479 1614 1535 vel
1655 1479 1950 1534 mediocris
1982 1487 2186 1549 orator,
2224 1482 2306 1536 sit

449 1575 613 1631 modo
653 1575 861 1647 aliquid
892 1575 948 1630 in
982 1592 1084 1644 eo;
1130 1593 1233 1633 neo
1261 1593 1353 1632 res
1385 1575 1504 1632 ulla
1539 1575 1667 1648 plus
1696 1575 1843 1646 apud
1871 1577 2086 1632 animos
2115 1578 2294 1633 homi-

449 1690 603 1744 num,
628 1689 796 1746 quam
833 1674 967 1729 ordo
1005 1679 1060 1729 et
1086 1680 1312 1730 ornatus
1353 1673 1613 1730 orationis
1652 1673 1819 1730 valet.
1853 1677 2034 1742 Quare
2071 1678 2196 1749 quis
2226 1695 2294 1735 ex

444 1771 668 1844 popu10,
697 1788 868 1844 quum
891 1774 956 1839 Q.
984 1771 1287 1828 Scaevolam
1307 1787 1406 1843 pro
1435 1773 1509 1826 M.
1544 1770 1782 1843 Coponio
1816 1772 2088 1851 dicentem
2131 1760 2316 1830 audi-'

443 1873 529 1922 ret
570 1868 626 1921 in
661 1882 728 1922 ea
765 1881 950 1938 eausa,
984 1865 1053 1922 de
1100 1882 1211 1939 qua
1248 1872 1376 1922 ante
1419 1866 1548 1938 dixi,
1585 1866 1887 1939 quidquam
1920 1868 2169 1941 politius,
2196 1877 2298 1927 aut

445 2070 508 2104 au
522 2054 708 2117 publio,
728 2053 770 2102 si
790 2053 842 2115 je
860 2052 1028 2115 voyais
1052 2051 1336 2115 dispar-altre
1355 2052 1402 2100 le
1425 2052 1578 2101 eerole
1598 2051 1897 2100 d’auditeurs
1918 2055 2003 2117 qui
2024 2062 2225 2105 entoure
2247 2057 2293 2105 le

443 2145 679 2204 tribunal,
698 2146 751 2207 Je
771 2159 833 2191 ne
861 2144 1082 2206 pourrais
1115 2144 1224 2206 plus
1246 2145 1424 2207 parler.
1463 2169 1525 2180 —
1546 2143 1662 2193 Cela
1686 2151 1759 2193 est
1789 2147 2001 2205 natureI,
2035 2148 2289 2210 teptis-Jez

442 2240 489 2289 le
512 2239 744 2288 musioien
753 2238 871 2303 jette
888 2237 988 2286 loin
1013 2237 1071 2286 de
1087 2238 1160 2286 lui
1185 2252 1281 2285 une
1302 2238 1421 2287 flate
1446 2237 1530 2300 qui
1550 2253 1611 2285 ne
1632 2237 1752 2287 rend
1774 2253 1934 2288 aucun
1954 2253 2057 2288 son.
2086 2240 2175 2288 Les
2195 2240 2296 2289 flu-

441 2339 512 2381 tes
533 2333 593 2382 de
615 2332 863 2391 Pei-atem,
877 2332 920 2381 si
937 2333 990 2396 je
1013 2333 1124 2396 puis
1143 2327 1456 2397 m’exprimer
1475 2332 1619 2391 ainsi,
1635 2347 1689 2381 ee
1702 2341 1812 2382 sont
1830 2335 1900 2382 les
1917 2335 2103 2384 oreilles
2128 2336 2189 2385 de
2206 2353 2291 2386 oe-

441 2427 514 2476 lui
551 2427 635 2489 qui
673 2426 894 2475 l'eooute.
929 2424 979 2473 Si
1005 2425 1123 2474 elles
1151 2440 1212 2474 ne
1237 2425 1445 2474 tendent
1504 2440 1590 2489 pas
1621 2425 1680 2473 de
1707 2441 1813 2484 son,
1858 2427 1899 2475 si
1932 2427 2190 2476 I'auditeur
2217 2438 2295 2479 est

441 2533 628 2566 comme
648 2533 715 2566 un
739 2518 952 2566 coursier
973 2517 1153 2566 rebelle
1177 2520 1207 2565 a
1226 2519 1278 2566 la
1307 2518 1442 2568 main
1466 2518 1551 2580 qui
1580 2517 1627 2566 le
1651 2517 1828 2582 dirige,
1868 2520 1907 2568 il
1927 2520 2033 2569 faut
2052 2536 2210 2571 oesser
2233 2524 2294 2571 de

440 2611 645 2674 prendre
665 2624 760 2658 une
783 2611 921 2672 peine
932 2610 1126 2657 inutile.

505 2701 612 2751 LII.
633 2702 910 2764 Cependant
929 2716 1244 2765 remarquons
1267 2716 1365 2748 une
1385 2699 1661 2752 differenee.
1704 2702 1773 2751 Le
1794 2704 2016 2768 vulgaire
2037 2705 2293 2770 applaudit

442 2794 742 2857 quelquefois
768 2809 835 2841 un
868 2802 1062 2842 orateur
1088 2809 1183 2857 peu
1205 2793 1355 2857 digne
1376 2794 1435 2841 de
1466 2809 1556 2843 son
1579 2796 1924 2859 approbation3
1952 2800 2079 2847 mais
2106 2800 2144 2848 il
2167 2801 2292 2865 l'ap·

439 2890 631 2955 plaudit
651 2905 764 2937 sans
787 2891 832 2937 le
853 2904 1103 2952 comparer
1125 2891 1157 2936 a
1177 2904 1246 2937 un
1269 2895 1427 2938 autre.
1452 2890 1694 2954 Lorsqu'il
1712 2892 1866 2958 prend
1883 2894 1946 2942 du
1978 2896 2149 2959 plaisir
2170 2899 2202 2946 δ
2222 2914 2292 2947 un

443 2984 662 3034 discours
687 2981 944 3042 mediocre,
969 2997 1034 3032 ou
1054 2984 1210 3031 meme
1227 2984 1464 3044 mannis,
1487 2983 1527 3033 il
1547 2985 1648 3033 e’en
1670 2992 1920 3053 eontenteg
1943 2987 1981 3035 il
1999 2991 2080 3036 n'a
2101 3004 2188 3053 pas
2214 2991 2294 3040 l’i·

443 3077 527 3125 dee
550 3076 616 3124 du
643 3076 828 3133 mieux,
848 3075 888 3123 il
921 3089 1164 3138 approuve
1185 3089 1239 3124 ee
1271 3075 1394 3139 qu’il
1414 3076 1619 3127 entend=
1647 3092 1731 3125 oar
1767 3093 1830 3125 on
1867 3080 2035 3127 eooute
2057 3080 2293 3131 l’orateur

440 3172 525 3234 qui
548 3186 579 3219 a
600 3171 647 3219 le
679 3169 838 3217 moins
874 3167 932 3217 de
953 3168 1126 3226 talem,
1163 3184 1353 3232 pourvu
1381 3168 1503 3233 qu’il
1527 3169 1639 3217 n’en
1670 3169 1764 3219 soit
1797 3185 1883 3233 pas
1907 3179 2016 3220 tout
2040 3173 2069 3219 a
2088 3172 2180 3221 fait
2204 3173 2294 3222 de-

441 3280 631 3329 pourvu
659 3282 672 3323 ;
699 3271 747 3313 et
771 3264 878 3312 rien
906 3263 1124 3313 n'exeroe
1143 3265 1253 3328 plus
1285 3263 1513 3327 d’empire
1545 3278 1629 3311 sur
1649 3263 1837 3326 l’esprit
1855 3263 1938 3313 des
1956 3264 2177 3313 hommes
2198 3280 2296 3327 que

443 3360 497 3408 la
515 3357 736 3406 methode
758 3357 967 3405 oratoire
990 3363 1038 3405 et
1055 3356 1107 3405 la
1128 3357 1294 3419 parole
1310 3357 1471 3405 ornee.
1495 3354 1638 3404 Ainsi
1656 3336 1852 3417 lorsque
1872 3355 2070 3405 Soevola
2087 3355 2294 3419 plaidait

441 3468 565 3515 pour
588 3455 657 3503 M.
679 3454 925 3518 Coponius
949 3453 1070 3501 dans
1098 3452 1303 3502 l'afl'aire
1331 3453 1452 3504 dont
1469 3452 1560 3514 j’ai
1593 3451 1701 3512 deja
1724 3453 1872 3515 parle,
1897 3453 1942 3500 le
1971 3453 2140 3515 peuple
2163 3466 2294 3513 pou-
