2592 4084
1146 300 1402 349 BRUTUS.
2098 293 2210 350 307

355 428 460 473 erat
487 423 699 485 elegans,
1153 419 1272 466 etait
1292 419 1513 482 elegant,

357 498 404 539 et
422 489 721 538 constructio
747 491 861 549 apta
1154 493 1201 531 et
1220 484 1597 547 l’arrangement
1614 486 1746 549 juste

357 564 404 605 et
426 555 566 619 quasi
587 553 824 611 rotunda,
1127 557 1130 562 “
1153 557 1200 598 et
1215 565 1402 599 comme
1420 551 1634 616 attondi,

357 635 605 686 quumque
1152 623 1201 665 et
1218 618 1607 666 non-seulement

356 690 515 737 multa
534 691 824 750 argumenta
1151 683 1401 746 beaucoup
1427 683 1758 747 d'arguments

355 753 763 817 excogitabantur
780 753 841 800 ab
870 766 945 812 eo,
1151 750 1334 799 etaient
1357 751 1551 799 trouves
1575 765 1660 814 par
1679 750 1768 810 lui,

357 829 405 870 et
433 820 577 869 firma
606 819 668 867 ad
704 817 1029 882 probandum,
1152 822 1202 865 et
1236 816 1358 865 forts
1393 830 1514 879 pour
1541 831 1766 880 promer,

357 897 464 936 tum
490 886 741 935 sententiae
1154 885 1277 931 mais
1304 898 1478 933 encore
1503 884 1583 931 des
1607 886 1800 947 pensees

357 953 613 1002 concinnas
636 957 909 1018 acutaequ03
1150 950 1455 1013 ingenieuses
1481 956 1528 998 et
1554 949 1704 1009 fines;

357 1027 618 1084 gestusque
1153 1024 1201 1065 et
1222 1018 1268 1065 le
1289 1024 1423 1079 geste
1450 1018 1605 1081 (etait)

359 1088 432 1134 ita
455 1093 688 1133 venustus
713 1090 906 1141 natura,
1153 1084 1194 1131 si
1217 1085 1449 1147 gracieux
1474 1085 1868 1144 naturellement,

359 1159 416 1201 ut
438 1167 536 1209 ars,
562 1166 672 1214 quae
697 1165 794 1200 non
816 1156 944 1210 erat,
1154 1163 1245 1211 que
1266 1150 1398 1207 Part,
1420 1152 1502 1213 qui
1522 1151 1690 1198 n’etait
1712 1167 1816 1215 pas,

357 1228 405 1268 et
428 1218 624 1281 quidam
651 1224 812 1266 motus
1151 1223 1199 1263 et
1220 1232 1283 1263 un
1304 1217 1487 1264 certain
1507 1225 1814 1266 mouvement

359 1300 386 1332 e
412 1284 673 1347 disciplina
1154 1280 1432 1347 (resultant)
1451 1283 1534 1330 des
1550 1285 1790 1348 preceptes

357 1351 599 1399 videretur
622 1348 863 1398 accedere.
1153 1349 1408 1411 paraissait
1434 1350 1504 1409 s’y
1520 1349 1735 1411 joindre.

356 1417 541 1467 Vereor
566 1432 629 1464 ne
651 1415 821 1464 videar
1152 1414 1212 1465 -Je
1232 1415 1394 1462 crains
1419 1415 1476 1463 de
1498 1419 1708 1478 paraltre

357 1497 521 1531 amore
1154 1479 1509 1543 par-l’effet-de
1542 1480 1800 1532 l’affection

357 1549 514 1598 dicere
535 1549 677 1611 plura
1153 1561 1211 1594 en
1238 1546 1341 1595 dire
1368 1549 1478 1610 plus

357 1631 502 1677 quam
531 1615 713 1662 fuerint
735 1614 787 1661 in
809 1611 924 1669 iu03
1155 1614 1274 1675 qu'il
1303 1612 1389 1675 n'y
1423 1620 1505 1662 eut
1537 1629 1595 1663 en
1631 1615 1732 1673 lui3

358 1683 488 1745 quod
511 1696 610 1729 non
631 1686 704 1728 est
724 1680 795 1728 ita
815 1696 828 1727 ε
1152 1694 1207 1729 ce
1229 1679 1313 1742 qui
1333 1681 1458 1728 n’est
1475 1695 1560 1744 pas
1579 1682 1705 1729 ainsi
1728 1698 1742 1729 ε

357 1749 458 1797 alia
478 1747 608 1797 enim
627 1746 817 1808 majora
1152 1760 1236 1794 car
1258 1746 1468 1795 d’autres
1488 1747 1655 1796 choses
1677 1748 1786 1811 plus
1806 1752 2014 1813 grandes

357 1822 565 1878 possunt
591 1813 687 1861 dici
719 1812 778 1861 de
798 1811 914 1867 ino;
1152 1820 1360 1876 peuvent
1385 1815 1486 1861 &tre
1520 1813 1642 1861 dites
1669 1814 1726 1861 de
1754 1814 1854 1873 lui,

358 1895 476 1927 nam
498 1887 616 1944 puto
1152 1894 1235 1927 car
1258 1879 1310 1941 je
1338 1895 1483 1942 pense

360 1960 650 2009 quemquam
673 1944 888 2007 ejusdem
909 1940 1065 1991 aetatis
1151 1960 1388 2009 personne
1406 1946 1473 1994 du
1497 1949 1652 1996 meme
1671 1947 1815 1995 si'ecle

361 2011 706 2060 conferendum
734 2026 847 2059 cum
875 2008 964 2057 illo
1152 2011 1691 2076 dominare-compare
1712 2015 1742 2062 a
1764 2014 1835 2061 lui

360 2093 450 2126 nec
474 2078 794 2135 continentia,
1148 2078 1202 2125 ni
1225 2091 1348 2139 pour
1366 2079 1416 2127 la
1433 2079 1924 2142 purete-des·moeurs,

361 2159 451 2191 nec
480 2144 675 2207 pietate,
1149 2144 1202 2191 ni
1226 2159 1348 2207 pour
1367 2146 1418 2194 la
1435 2146 1852 2203 bonta-dumoeur,

361 2225 451 2258 nec
475 2211 577 2257 ullo
607 2224 781 2268 genere
803 2208 1013 2258 virtutis.
1152 2211 1204 2257 ni
1223 2226 1347 2272 pour
1365 2227 1525 2260 aucun
1545 2227 1694 2276 genre
1717 2211 1778 2261 de
1798 2218 1955 2261 vertu.

427 2275 767 2325 LXXIX.Nec
788 2276 997 2327 arbitror
1023 2287 1100 2321 ve·
1151 2276 1378 2325 LXXIX.
1414 2278 1476 2326 Et
1504 2279 1555 2342 je
1579 2294 1640 2327 ne
1663 2279 1790 2327 crois
1810 2293 1896 2342 pas
1917 2293 1976 2329 en
1999 2279 2148 2329 verite

359 2343 427 2391 M.
456 2343 663 2392 Coelium
1025 2339 1101 2404 [ro
1153 2343 1222 2391 M.
1262 2342 1444 2392 Coelius

358 2409 766 2473 praetereundum,
1154 2408 1749 2474 devoir-etre-passe-sous
1768 2410 1964 2468 silence,

359 2490 675 2538 quaecumque
702 2474 795 2523 fuit
1153 2476 1314 2537 quelle
1336 2476 1489 2537 qu’ait
1505 2478 1577 2525 ete

359 2543 436 2591 vel
460 2542 673 2599 fortuna,
1154 2556 1218 2590 ou
1240 2557 1290 2588 sa
1320 2543 1565 2591 mauvaise
1596 2543 1808 2601 fortune,

359 2609 436 2657 vel
454 2623 591 2657 meus
721 2607 726 2614 ’
1155 2622 1219 2656 ou
1246 2622 1329 2655 son
1350 2609 1568 2657 mauvais
1587 2610 1737 2672 esprit

361 2674 415 2723 in
443 2677 581 2723 exitu
605 2675 709 2737 ejus
737 2691 751 2720 z
1155 2675 1185 2721 a
1206 2674 1258 2722 la
1279 2673 1348 2721 fin
1374 2675 1454 2738 (de
1479 2677 1529 2724 la
1555 2677 1649 2737 vie)
1669 2676 1728 2723 de
1753 2675 1855 2725 lui:

362 2744 443 2803 qui
467 2742 699 2804 quamdiu
719 2737 880 2802 paruit
1153 2740 1313 2803 lequel
1332 2747 1436 2789 tant
1463 2757 1526 2805 qu
1529 2743 1582 2791 'il
1605 2742 1734 2832 obeit

362 2822 480 2855 meae
504 2807 808 2865 auctoritati,
1153 2807 1184 2854 a
1205 2822 1307 2856 mes
1330 2810 1556 2869 conseils,

363 2873 459 2920 fuit
481 2874 706 2921 tribunus
723 2870 878 2935 plebis
900 2869 1030 2930 talis,
1155 2872 1231 2922 fut
1256 2889 1325 2921 un
1352 2874 1520 2923 tribun
1544 2875 1610 2923 du
1631 2874 1804 2940 peuple
1828 2874 1911 2932 tel,

363 2946 419 2987 ut
432 2954 573 2988 nemo
1154 2953 1246 3002 que
1268 2955 1503 3002 personne

364 3007 551 3054 steterit
582 3002 885 3055 constantius
1157 3019 1219 3053 ne
1245 3009 1341 3055 tint
1362 3007 1655 3070 plus-ferme

363 3088 393 3120 a
409 3080 579 3120 senatu
1156 3073 1584 3136 pour-la-defense
1608 3074 1676 3122 du
1700 3075 1854 3129 senat,

363 3145 412 3187 et
433 3153 464 3184 a
486 3152 633 3186 causa
654 3137 897 3185 bonorum
1157 3145 1205 3187 et
1229 3154 1353 3201 pour
1376 3139 1428 3187 la
1448 3154 1592 3189 cause
1616 3139 1700 3188 des
1717 3138 2065 3205 gens-de-bien

364 3212 533 3253 contra
552 3203 844 3252 dementiam
1156 3211 1322 3254 contre
1350 3206 1400 3253 la
1426 3206 1649 3255 demence

364 3271 645 3333 popularem
1156 3271 1408 3333 populaire

343 3361 348 3365 ·
367 3336 793 3397 turbulentamque
1158 3344 1206 3385 st
1229 3336 1506 3385 turbulente

368 3401 547 3450 civium
569 3402 864 3465 perditorum
886 3418 902 3454 ε
1161 3401 1220 3450 de
1241 3404 1462 3466 citoyens
1483 3415 1678 3465 pervers
1716 3416 1731 3448 ε

369 3467 524 3516 oratio
548 3475 706 3517 tamen
1158 3483 1256 3519 une
1283 3469 1543 3532 eloquence
1563 3466 1792 3517 toutefois
