2592 4084
1081 360 1342 405 saurus.
1436 379 1442 386 -
2021 343 2124 399 101

293 481 470 546 quibus
489 479 668 537 Galba,
1087 493 1179 540 que
1197 478 1371 535 Galba,

296 548 382 596 sed
400 546 566 610 paullo
587 547 748 594 minor
771 550 908 602 natu,-
1083 544 1206 591 mais
1230 559 1297 591 un
1328 559 1419 606 peu
1446 545 1555 606 plus
1569 543 1729 606 jeune,

296 621 345 664 et
369 613 565 661 habitus
584 618 659 661 est
1084 617 1132 658 et
1157 625 1441 674 passa-pour

294 694 518 729 summus
538 687 716 741 orator,
1085 676 1243 739 grand
1273 683 1486 735 orateur,

295 753 344 795 et
361 746 460 794 fuit
487 748 691 809 scriptor
714 759 829 793 sane
853 744 1029 806 bonus,
1085 750 1134 790 et
1161 743 1239 790 sut
1259 743 1473 790 scrivain
1507 747 1655 789 certes
1676 741 1790 797 bon,

296 820 356 861 ut
377 819 575 875 apparet
596 828 654 859 ex
678 811 997 860 orationibus.
1087 824 1272 859 comme
1293 810 1333 857 il
1354 814 1533 857 ressort
1561 806 1617 854 de
1644 823 1712 855 sos
1741 808 1973 854 discours.

296 879 357 929 In
381 877 476 927 hoo
500 887 690 928 oratore
716 879 890 927 Latino
1089 877 1226 925 Dans
1248 883 1322 923 cet
1347 883 1543 924 orateur
1565 873 1708 922 Latin

295 945 419 994 mihi
448 945 638 994 videtur
1089 958 1166 1006 me
1188 942 1369 991 semble

299 1013 580 1075 apparuisse
592 1012 806 1074 primum
998 1039 1003 1050 ·
1090 1012 1227 1078 avoir
1248 1023 1371 1074 paru
1393 1005 1953 1073 pour-la-premiere-fois

297 1086 347 1126 et
372 1078 460 1125 illa
479 1077 655 1126 lenitas
675 1077 976 1136 Graeeorum,
1089 1084 1136 1124 et
1157 1085 1279 1125 cette
1300 1067 1509 1124 douceur
1532 1077 1613 1123 des
1639 1076 1806 1136 Grees,

297 1152 348 1193 et
370 1144 731 1207 comprehensio
758 1145 1032 1202 verborum,
1089 1150 1137 1191 et
1153 1143 1205 1190 la
1224 1144 1437 1206 perinde,

298 1211 446 1258 etiam
468 1210 625 1272 stylus
646 1209 825 1259 artifex
1089 1218 1136 1256 et
1159 1211 1203 1256 le
1225 1210 1350 1272 style
1370 1208 1845 1256 travaille-avee-art

298 1277 378 1337 (ut
397 1275 469 1323 ita
494 1276 694 1337 dicam).
1089 1277 1231 1337 (pour
1253 1275 1379 1322 ainsi
1406 1275 1541 1334 dire).

299 1341 413 1391 Duo
441 1342 765 1389 adolescentes
1090 1340 1230 1388 Deux
1254 1340 1426 1403 jeunes
1454 1354 1573 1403 gens

299 1408 692 1472 ingeniosissimi,
1092 1406 1687 1469 du·plus-grand-talent,

297 1485 360 1589 ἒῖ
377 1475 772 1590 {35353154225’
782 1535 1036 1587 emona.
1090 1482 1370 1588 ἒἯὲἰὲἓί
1384 1472 1452 1585 {2²
1462 1474 1854 1586 &effluis

299 1605 429 1655 soliti
453 1613 569 1653 sunt
597 1605 767 1653 audire
1089 1612 1257 1652 eui-ent
1282 1614 1507 1652 coutume
1532 1603 2061 1665 de-suivre-les-leeons

299 1671 433 1720 huno
459 1673 700 1728 studiose;
1091 1670 1150 1717 de
1172 1670 1374 1718 uului-ci
1394 1669 1715 1727 assidument3

298 1739 394 1787 erit
410 1739 546 1785 loeus
567 1737 757 1785 dicendi
769 1735 827 1783 de
842 1734 1034 1797 quibus,
1089 1737 1127 1783 il
1148 1752 1184 1799 y
1207 1752 1330 1785 aura
1353 1736 1450 1783 lieu
1473 1735 1531 1782 de
1549 1735 1709 1798 parler
1733 1737 1793 1784 de
1810 1738 2016 1793 ceux-oi,

297 1804 402 1866 ,iam
432 1818 584 1866 quum
606 1804 773 1850 dixero
799 1815 956 1864 pauoa
1091 1803 1173 1850 des
1192 1802 1354 1865 quand
1371 1801 1551 1865 j'aurai
1574 1801 1646 1849 dit
1668 1804 2045 1866 quelques-mota

300 1869 362 1918 de
381 1870 672 1917 senioribus.
1092 1868 1173 1915 des
1192 1869 1458 1930 plus-figes.

299 1935 363 1996 Q.
391 1936 523 1983 enim
547 1935 802 1995 Pompeius
1091 1933 1187 1982 Car
1215 1935 1279 1994 Q.
1300 1934 1507 1996 Pompee

300 2001 399 2048 fuit
412 2008 578 2049 orator
592 2015 690 2047 uon
715 2004 1034 2060 contemptus,
1092 2001 1169 2047 sut
1192 2015 1259 2047 un
1286 2007 1479 2046 orateur
1504 2015 1602 2046 nou
1628 1999 1943 2062 meprisable,

299 2065 607 2129 temporibus
630 2065 746 2122 illis,
1094 2081 1214 2129 pour
1237 2080 1319 2114 oes
1341 2066 1592 2128 temps-la,

300 2133 388 2196 qui
410 2132 612 2194 adeptus
634 2138 706 2177 est
1093 2132 1277 2193 lui-qui
1297 2131 1456 2179 obtint

301 2212 523 2246 summos
540 2196 766 2254 honores,
1092 2197 1495 2260 les-plus-grands
1516 2197 1779 2254 honneurs,

300 2264 451 2312 homo
479 2263 704 2325 cognitus
721 2278 807 2325 per
827 2276 892 2320 se,
1095 2263 1289 2311 homme
1307 2278 1469 2311 eonnu
1492 2278 1577 2325 par
1601 2265 1672 2311 lui
1691 2266 1813 2323 seul,

304 2330 411 2378 sine
428 2330 537 2377 ulla
558 2327 979 2377 commendatione
1098 2345 1210 2376 sans
1232 2344 1420 2377 aucune
1441 2330 1887 2378 recommandation

304 2397 566 2458 majorum.
1098 2394 1476 2442 venant-de-ses-
1485 2399 1717 2443 ancetres.

305 2461 436 2510 Tum
462 2461 518 2509 L.
547 2460 754 2510 Crassus
1096 2461 1245 2510 Alors
1265 2461 1325 2508 L.
1355 2461 1562 2509 Crassus

303 2528 466 2590 potuit
489 2528 698 2575 multum
1098 2538 1185 2590 put
1207 2528 1456 2589 beaucoup

304 2608 407 2642 non
431 2593 731 2662 eloquentia3
1098 2608 1200 2642 non*
1222 2608 1311 2657 par
1337 2593 1648 2655 l'eloquenoe,

307 2659 394 2707 sed
419 2665 582 2706 tamen
612 2656 843 2722 dicend03
1098 2660 1222 2707 mais
1249 2666 1477 2720 pourtant
1497 2673 1584 2722 par
1607 2658 1871 2723 la·par0103

304 2725 455 2774 homo
473 2726 732 2788 popularis,
1097 2724 1290 2773 homme
1313 2726 1577 2789 populaire,
2061 2779 2070 2789 .

306 2807 409 2839 non
431 2791 739 2847 liberalitate,
765 2797 822 2839 ut
849 2788 954 2847 alii,
1087 2807 1196 2844 ,non
1222 2806 1310 2853 par
1333 2807 1385 2838 aa
1407 2792 1665 2849 liberalite,
1697 2805 1884 2839 comme
1916 2791 2149 2851 d’autres,

307 2857 397 2906 sed
419 2858 618 2905 tristitia
638 2857 744 2919 ipsa
1098 2859 1222 2905 mais
1247 2872 1335 2920 par
1358 2873 1409 2904 ra
1425 2857 1625 2905 severite
1646 2860 1799 2906 meme

308 2933 358 2972 et
378 2925 654 2980 severitate,
1099 2931 1147 2971 et
1170 2939 1253 2971 ron
1279 2924 1541 2982 austeriteg

307 2990 381 3039 M.
412 2989 590 3037 Antius
610 2988 771 3050 Briso,
1098 2989 1167 3037 Μ.
1194 2990 1373 3037 Antius
1388 2989 1585 3047 Brison,

310 3055 539 3102 tribunus
574 3055 746 3118 plebis,
1100 3055 1265 3103 tribun
1291 3055 1355 3103 du
1378 3057 1579 3118 peuple,

310 3122 491 3169 restitit
512 3122 598 3168 diu
1101 3121 1325 3184 s'opposa
1353 3121 1626 3185 longternps

310 3187 413 3250 legi
437 3187 703 3235 tabellaria
725 3185 890 3250 cujus,
1102 3188 1135 3235 a
1152 3188 1204 3235 la
1222 3187 1290 3235 loi
1316 3187 1627 3236 des-scrutina
1653 3186 1711 3235 de
1735 3187 1953 3244 celui-oi,

311 3252 387 3300 M.
407 3252 585 3316 Lepido
602 3253 804 3301 consule
1103 3254 1171 3301 M.
1198 3253 1409 3316 Lepidus
1427 3255 1598 3302 consul

312 3317 604 3380 adjuvante3
1105 3323 1146 3367 lo
1164 3319 1424 3375 secondum
1443 3334 1458 3372 ς

312 3397 467 3446 eaque
487 3399 563 3432 res
586 3384 682 3431 suit
708 3382 1052 3447 vituperationi
1103 3395 1151 3434 et
1166 3400 1220 3433 oe
1242 3386 1335 3434 fait
1354 3386 1429 3432 fut.
1451 3386 1874 3434 tourne—a-blame

315 3449 375 3499 P.
405 3447 656 3507 Africano,
1104 3454 1134 3498 ἐι
1156 3451 1213 3498 Ρ.
1240 3450 1518 3506 l’Africuin,

312 3514 450 3578 quod
466 3515 604 3565 Briso
624 3513 886 3579 putabatur
1104 3531 1246 3582 parce
1266 3532 1358 3579 que
1385 3517 1555 3565 Brison
1578 3518 1696 3564 etait
1717 3531 1803 3565 oru
