2592 4084
1093 345 1349 390 namus.
2036 340 2143 395 127

300 464 610 524 exercuitque
627 478 678 510 se
696 475 833 511 more
851 474 1037 510 eorum.
1076 466 1122 506 et
1143 461 1257 507 s’est
1268 463 1439 508 exerce
1458 460 1646 526 d'apres
1661 465 1713 512 la
1732 464 1954 514 methodo
1973 466 2140 516 d'eux.

301 529 447 590 Quod
459 529 503 577 si
522 530 687 577 omnia

298 605 459 645 essent
474 595 682 657 petenda

300 676 332 709 a
352 660 675 724 philosophie,

301 729 461 776 oratio
485 726 747 790 fingeretur

300 792 605 841 commodius
623 792 859 841 institutis

299 859 742 922 peripateticorum.

306 925 411 985 Quo
431 926 583 988 probo
606 928 785 989 magis,
804 924 972 982 Brute,

301 1000 442 1040 tuum
462 991 726 1054 judicium,

301 1058 384 1119 qui
408 1064 601 1105 secutus
621 1073 671 1106 es
695 1063 871 1105 sectam

298 1138 469 1171 eorum
497 1123 897 1187 philosophorum

301 1189 374 1249 (id
387 1195 475 1246 est,
493 1204 555 1236 ex
563 1197 722 1238 vetere
735 1189 1023 1250 academia),

299 1255 354 1302 in
378 1254 597 1303 doctrina
628 1272 836 1320 quorum

299 1327 444 1382 atque
461 1324 709 1386 praceptis

297 1387 426 1435 ratio
447 1387 711 1436 disserendi

298 1454 618 1517 conjungitur

298 1534 411 1567 cum
436 1521 671 1570 suavitate
695 1519 885 1569 dicendi
930 1567 960 1588 ⁶

298 1595 347 1632 et
377 1588 530 1650 copia.

300 1650 590 1714 Quanquam
645 1667 702 1699 ea
737 1650 1035 1701 consuetudo

296 1719 719 1781 peripateticorum

296 1785 773 1846 academicorumque

298 1849 348 1896 in
374 1852 560 1898 ratione
578 1849 786 1906 dicendi,

298 1926 372 1963 est
402 1917 533 1978 talis,

298 1989 352 2030 ut
370 1996 462 2029 nec
481 1980 633 2044 possit
656 1981 765 2043 ipsa
778 1994 862 2043 per
885 1995 985 2027 sese

294 2046 526 2108 perficere
548 2053 803 2104 oratorem,

295 2127 389 2160 nec
408 2121 575 2161 orator
596 2128 697 2161 esee
718 2112 955 2174 perfectus

296 2180 404 2226 sine
424 2194 498 2226 ea.

294 2244 421 2293 Nam
445 2253 501 2292 ut
522 2247 678 2293 oratio
702 2244 969 2293 Stoicorum

298 2320 371 2359 eet
392 2310 682 2371 adstrictior,

294 2378 643 2440 aliquantoque
664 2377 977 2434 contractior,

297 2458 443 2505 quam
467 2458 607 2492 auree
632 2444 801 2507 populi

297 2513 581 2571 requirunt;

294 2578 365 2624 sic
386 2576 584 2623 illorum
607 2576 804 2625 liberior

296 2653 343 2689 et
365 2642 526 2699 latior,

297 2723 440 2770 quam
464 2710 645 2771 patitur
669 2709 965 2758 consuetudo

294 2775 593 2836 judiciorum
614 2782 659 2821 et
681 2777 794 2823 fori.

297 2840 420 2899 Quis
437 2843 563 2888 enim
587 2841 781 2889 uberior
799 2841 1001 2891 Platone

294 2905 347 2954 in
375 2904 614 2954 dicendo?

293 2971 580 3036 Philosophi
598 2975 737 3021 aiunt

295 3038 468 3087 Jovem
494 3040 628 3101 loqui
652 3041 742 3096 sic,

298 3106 339 3152 si
361 3105 589 3168 loquatur
613 3121 785 3167 graece.

297 3170 419 3230 Quis
439 3173 687 3220 nervosior
710 3173 966 3223 Aristotele
973 3210 986 3235 ,

299 3237 488 3286 dulcior
515 3237 871 3302 Theophrasto?

300 3302 643 3353 Demosthenes
665 3305 842 3353 dicitur

299 3369 588 3419 lectitavisse
609 3371 860 3420 Platonem

302 3435 531 3494 studiose,
559 3437 799 3486 audivisse
824 3439 996 3497 etiam3

298 3502 446 3561 idque
468 3511 662 3566 apparet

360 3591 375 3612 b

1093 524 1199 586 Quo
1225 527 1265 573 si
1286 535 1394 573 tout

1093 593 1382 644 devait-etre
1401 597 1652 654 emprunte

1095 672 1191 707 aux
1216 657 1549 722 philosophos,

1093 724 1390 787 l'eloquence
1414 729 1561 773 serait
1580 725 1807 790 faconnee

1093 791 1657 852 plus-couvenablement
1685 810 1773 857 par
1800 796 1873 843 lea
1904 796 2146 861 principes

1096 856 1178 904 des
1208 858 1610 921 peripateticiene.

1092 922 1191 971 Par
1211 925 1261 972 la
1274 926 1561 987 j’approuve
1582 925 1711 988 plue,
1731 926 1932 984 Brutus,

1092 996 1144 1036 ta
1161 986 1613 1047 maniere·de·voir‚

1093 1056 1271 1118 toi-qui
1293 1071 1349 1105 as
1373 1057 1616 1106 embrasse
1643 1058 1705 1108 la.
1721 1063 1847 1105 secte

1093 1120 1150 1168 de
1175 1136 1252 1170 ces
1278 1123 1585 1187 philosophos

1092 1186 1434 1250 (c'eat-a-dire,
1472 1190 1530 1236 de
1557 1190 1832 1238 l’ancienne
1858 1188 2146 1251 academie),

1092 1252 1213 1302 dane
1233 1256 1284 1302 la
1307 1255 1523 1304 doctrine
1540 1257 1757 1317 desquels

1092 1326 1140 1368 et
1166 1321 1567 1386 l'enseignement
1586 1325 1782 1382 desquels

1090 1384 1143 1433 la
1171 1387 1396 1442 methodo
1418 1388 1777 1437 de-discussion

1091 1452 1248 1499 e'allie

1091 1532 1205 1565 avec
1238 1519 1290 1566 la
1323 1518 1535 1567 douceur
1560 1519 1625 1565 du
1648 1520 1857 1582 langage

1090 1589 1138 1631 et
1158 1582 1494 1634 l'abondance.

1089 1649 1368 1713 Gependant
1391 1658 1512 1699 cette
1535 1651 1764 1699 habitude

1092 1714 1172 1763 dee
1194 1718 1579 1779 peripateticiens

1090 1789 1138 1829 et
1172 1781 1253 1830 dee
1280 1782 1629 1832 academiciens

1091 1846 1211 1900 dane
1231 1849 1282 1897 la
1305 1851 1518 1897 maniere
1540 1849 1597 1896 de
1626 1851 1785 1912 parler

1087 1921 1162 1962 est
1182 1915 1381 1962 de-telle
1399 1926 1587 1976 nature,

1088 1995 1181 2042 que
1207 1981 1300 2029 ello
1333 1996 1397 2029 ne
1435 1990 1549 2045 peut
1569 1998 1657 2046 par
1680 1980 1955 2030 elle-meme

1088 2045 1272 2094 former
1293 2061 1364 2094 un
1393 2049 1804 2113 orateur-parfait,

1087 2112 1140 2159 ni
1170 2113 1406 2161 l'orateur
1429 2130 1484 2162 πο
1497 2124 1605 2175 peut
1619 2122 1708 2162 ecre
1731 2113 1910 2178 parfait

1088 2192 1201 2226 sans
1224 2179 1331 2227 elle.

1087 2243 1182 2293 Gar
1205 2260 1392 2294 comme
1413 2246 1461 2294 le
1482 2248 1691 2311 langage
1715 2247 1797 2295 des
1820 2246 2057 2296 Stoiciens

1087 2319 1161 2359 est
1177 2311 1464 2373 plumeae,

1087 2385 1134 2424 et
1157 2393 1225 2424 un
1254 2394 1347 2440 peu
1374 2379 1685 2439 plus-concis,

1087 2458 1179 2504 que
1198 2443 1269 2491 les
1285 2443 1477 2492 oreilles
1500 2446 1567 2493 du
1587 2445 1757 2509 peuple

1086 2514 1126 2556 le
1153 2509 1467 2568 demandent3

1088 2574 1145 2623 de
1168 2578 1325 2623 meme
1358 2579 1397 2623 le
1418 2580 1607 2636 tanqam
1628 2575 1771 2623 d'eux
1793 2584 1862 2624 eat
1884 2575 1993 2638 plus
2017 2572 2140 2621 libre

1087 2648 1134 2688 et
1157 2640 1267 2704 plus
1291 2641 1457 2700 diffus,

1087 2722 1180 2769 que
1208 2712 1249 2756 le
1273 2718 1457 2770 permet
1481 2706 1668 2767 l'usage

1089 2773 1171 2821 des
1190 2775 1459 2822 tribunaux
1484 2781 1531 2821 et
1553 2769 1620 2819 du
1641 2773 1862 2820 barreau.

1086 2840 1181 2888 Car
1205 2842 1285 2903 qui
1315 2846 1388 2904 sue
1410 2841 1522 2904 plus
1546 2839 1794 2887 abondaut
1817 2854 1908 2902 que
1933 2839 2105 2886 Platon

1085 2920 1146 2953 en
1174 2905 1404 2969 par-lant?

1087 2971 1177 3020 Les
1212 2972 1520 3036 philosophos
1560 2972 1719 3020 disent

1083 3038 1277 3101 Jupiter
1307 3040 1466 3102 parler
1487 3040 1630 3092 ainsi,

1083 3105 1162 3152 e’il
1182 3106 1609 3170 parlait-en-grec.

1084 3171 1178 3231 Qui
1203 3174 1275 3232 sut
1294 3173 1404 3235 plus
1425 3186 1638 3220 nerveux
1656 3169 1966 3233 qu’Aristote,

1086 3238 1197 3302 plus
1217 3239 1349 3285 doux
1374 3253 1464 3300 que
1484 3233 1846 3300 Theophrasto?

1087 3304 1408 3352 Demosthene
1433 3312 1505 3352 eat
1525 3303 1595 3351 dit

1089 3372 1539 3419 avoir-lu-oouvent
1562 3370 1734 3417 Platon

1088 3451 1202 3486 avec
1222 3438 1349 3497 scin,
1372 3437 1546 3484 l’avoir
1564 3437 1774 3483 entendu
1795 3436 1974 3487 meme3

1091 3512 1137 3551 et
1159 3506 1263 3550 cela
1285 3519 1337 3550 se
1359 3507 1609 3551 reconnatt
