<?xml version="1.0" encoding="UTF-8"?>
<!DOCTYPE html PUBLIC "-//W3C//DTD XHTML 1.0 Transitional//EN"
    "http://www.w3.org/TR/xhtml1/DTD/xhtml1-transitional.dtd">
<html xmlns="http://www.w3.org/1999/xhtml" xml:lang="en" lang="en">
 <head>
  <title>
</title>
<meta http-equiv="Content-Type" content="text/html;charset=utf-8" />
  <meta name='ocr-system' content='tesseract 3.04.00' />
  <meta name='ocr-capabilities' content='ocr_page ocr_carea ocr_par ocr_line ocrx_word'/>
</head>
<body>
  <div class='ocr_page' id='page_1' title='image "./brutus03cicegoog/brutus03cicegoog_0099.png"; bbox 0 0 2592 4084; ppageno 0'>
   <div class='ocr_carea' id='block_1_1' title="bbox 308 440 875 490">
    <p class='ocr_par' dir='ltr' id='par_1_1' title="bbox 308 440 875 490">
     <span class='ocr_line' id='line_1_1' title="bbox 308 440 875 490; baseline -0.002 -1"><span class='ocrx_word' id='word_1_1' title='bbox 308 446 362 489; x_wconf 73' lang='lat' dir='ltr'>et</span> <span class='ocrx_word' id='word_1_2' title='bbox 382 441 457 490; x_wconf 87' lang='lat' dir='ltr'>uti</span> <span class='ocrx_word' id='word_1_3' title='bbox 480 441 628 490; x_wconf 82' lang='lat' dir='ltr'>etiam</span> <span class='ocrx_word' id='word_1_4' title='bbox 652 440 875 488; x_wconf 79' lang='lat' dir='ltr'>lubenter</span> 
     </span>
    </p>
   </div>
   <div class='ocr_carea' id='block_1_2' title="bbox 1112 320 2186 391">
    <p class='ocr_par' dir='ltr' id='par_1_2' title="bbox 1112 320 2186 391">
     <span class='ocr_line' id='line_1_2' title="bbox 1112 320 2186 391; baseline 0.007 -22"><span class='ocrx_word' id='word_1_5' title='bbox 1112 324 1374 371; x_wconf 75' lang='lat' dir='ltr'>Bam-us.</span> <span class='ocrx_word' id='word_1_6' title='bbox 1789 335 1797 353; x_wconf 73' lang='lat'>¹</span> <span class='ocrx_word' id='word_1_7' title='bbox 2086 320 2159 376; x_wconf 89' lang='grc'>87</span> <span class='ocrx_word' id='word_1_8' title='bbox 2179 382 2186 391; x_wconf 53' lang='lat'><em>‚</em></span> 
     </span>
    </p>
   </div>
   <div class='ocr_carea' id='block_1_3' title="bbox 1104 442 1750 492">
    <p class='ocr_par' dir='ltr' id='par_1_3' title="bbox 1104 442 1750 492">
     <span class='ocr_line' id='line_1_3' title="bbox 1104 442 1750 492; baseline 0.006 -4"><span class='ocrx_word' id='word_1_9' title='bbox 1104 448 1154 488; x_wconf 81' lang='lat' dir='ltr'>et</span> <span class='ocrx_word' id='word_1_10' title='bbox 1174 455 1286 490; x_wconf 88' lang='lat' dir='ltr'>user</span> <span class='ocrx_word' id='word_1_11' title='bbox 1307 442 1464 491; x_wconf 69' lang='lat' dir='ltr'>meme</span> <span class='ocrx_word' id='word_1_12' title='bbox 1488 442 1750 492; x_wconf 71' lang='lat' dir='ltr'>volontiers</span> 
     </span>
    </p>
   </div>
   <div class='ocr_carea' id='block_1_4' title="bbox 307 506 1882 572">
    <p class='ocr_par' dir='ltr' id='par_1_4' title="bbox 307 506 1882 572">
     <span class='ocr_line' id='line_1_4' title="bbox 307 506 1882 572; baseline 0.002 -18"><span class='ocrx_word' id='word_1_13' title='bbox 307 508 473 556; x_wconf 72' lang='lat' dir='ltr'>verbis</span> <span class='ocrx_word' id='word_1_14' title='bbox 498 508 667 570; x_wconf 86' lang='lat' dir='ltr'>paullo</span> <span class='ocrx_word' id='word_1_15' title='bbox 680 507 837 569; x_wconf 81' lang='lat' dir='ltr'>magis</span> <span class='ocrx_word' id='word_1_16' title='bbox 856 506 1047 569; x_wconf 86' lang='lat' dir='ltr'>priscis.</span> <span class='ocrx_word' id='word_1_17' title='bbox 1104 506 1163 553; x_wconf 89' lang='lat' dir='ltr'>de</span> <span class='ocrx_word' id='word_1_18' title='bbox 1183 514 1360 555; x_wconf 79' lang='lat' dir='ltr'>termes</span> <span class='ocrx_word' id='word_1_19' title='bbox 1383 523 1450 556; x_wconf 86' lang='lat' dir='ltr'>un</span> <span class='ocrx_word' id='word_1_20' title='bbox 1474 524 1567 571; x_wconf 87' lang='lat' dir='ltr'>peu</span> <span class='ocrx_word' id='word_1_21' title='bbox 1586 509 1696 572; x_wconf 80' lang='lat' dir='ltr'>plus</span> <span class='ocrx_word' id='word_1_22' title='bbox 1715 511 1882 560; x_wconf 85' lang='lat' dir='ltr'>vieux.</span> 
     </span>
    </p>
   </div>
   <div class='ocr_carea' id='block_1_5' title="bbox 281 571 1039 3535">
    <p class='ocr_par' dir='ltr' id='par_1_5' title="bbox 306 571 925 633">
     <span class='ocr_line' id='line_1_5' title="bbox 306 571 925 633; baseline -0.002 -11"><span class='ocrx_word' id='word_1_23' title='bbox 306 572 405 622; x_wconf 85' lang='lat' dir='ltr'>Sed</span> <span class='ocrx_word' id='word_1_24' title='bbox 425 580 499 621; x_wconf 82' lang='lat' dir='ltr'>est</span> <span class='ocrx_word' id='word_1_25' title='bbox 520 587 628 621; x_wconf 86' lang='lat' dir='ltr'>mos</span> <span class='ocrx_word' id='word_1_26' title='bbox 653 571 925 633; x_wconf 86' lang='lat' dir='ltr'>hominum,</span> 
     </span>
    </p>

    <p class='ocr_par' dir='ltr' id='par_1_6' title="bbox 306 638 785 687">
     <span class='ocr_line' id='line_1_6' title="bbox 306 638 785 687; baseline -0.002 -1"><span class='ocrx_word' id='word_1_27' title='bbox 306 647 368 686; x_wconf 80' lang='lat' dir='ltr'>ut</span> <span class='ocrx_word' id='word_1_28' title='bbox 387 641 549 687; x_wconf 79' lang='lat' dir='ltr'><strong>nolint</strong></span> <span class='ocrx_word' id='word_1_29' title='bbox 562 638 785 687; x_wconf 86' lang='lat' dir='ltr'>eumdem</span> 
     </span>
    </p>

    <p class='ocr_par' dir='ltr' id='par_1_7' title="bbox 303 704 981 768">
     <span class='ocr_line' id='line_1_7' title="bbox 303 704 981 768; baseline 0.003 -16"><span class='ocrx_word' id='word_1_30' title='bbox 303 706 548 754; x_wconf 82' lang='lat' dir='ltr'>excellere</span> <span class='ocrx_word' id='word_1_31' title='bbox 575 706 798 768; x_wconf 73' lang='lat' dir='ltr'>plurimis</span> <span class='ocrx_word' id='word_1_32' title='bbox 821 704 981 754; x_wconf 81' lang='lat' dir='ltr'>rebus.</span> 
     </span>
    </p>

    <p class='ocr_par' dir='ltr' id='par_1_8' title="bbox 305 771 857 834">
     <span class='ocr_line' id='line_1_8' title="bbox 305 771 857 834; baseline -0.004 -14"><span class='ocrx_word' id='word_1_33' title='bbox 305 771 436 820; x_wconf 86' lang='lat' dir='ltr'>Nam</span> <span class='ocrx_word' id='word_1_34' title='bbox 463 777 520 819; x_wconf 82' lang='lat' dir='ltr'>ut</span> <span class='ocrx_word' id='word_1_35' title='bbox 540 784 682 819; x_wconf 87' lang='lat' dir='ltr'>nemo</span> <span class='ocrx_word' id='word_1_36' title='bbox 702 780 857 834; x_wconf 81' lang='lat' dir='ltr'>potest</span> 
     </span>
    </p>

    <p class='ocr_par' dir='ltr' id='par_1_9' title="bbox 305 836 963 900">
     <span class='ocr_line' id='line_1_9' title="bbox 305 836 963 900; baseline -0.003 -14"><span class='ocrx_word' id='word_1_37' title='bbox 305 838 562 900; x_wconf 78' lang='lat' dir='ltr'>adspirare</span> <span class='ocrx_word' id='word_1_38' title='bbox 583 837 643 885; x_wconf 88' lang='lat' dir='ltr'>ad</span> <span class='ocrx_word' id='word_1_39' title='bbox 673 836 963 886; x_wconf 81' lang='lat' dir='ltr'>Africanum</span> 
     </span>
    </p>

    <p class='ocr_par' dir='ltr' id='par_1_10' title="bbox 309 902 765 959">
     <span class='ocr_line' id='line_1_10' title="bbox 309 902 765 959; baseline 0 -9"><span class='ocrx_word' id='word_1_40' title='bbox 309 919 371 952; x_wconf 86' lang='lat' dir='ltr'>ex</span> <span class='ocrx_word' id='word_1_41' title='bbox 401 902 765 959; x_wconf 77' lang='lat' dir='ltr'>laude‘bellica‚</span> 
     </span>
    </p>

    <p class='ocr_par' dir='ltr' id='par_1_11' title="bbox 307 970 887 1033">
     <span class='ocr_line' id='line_1_11' title="bbox 307 970 887 1033; baseline -0.002 -15"><span class='ocrx_word' id='word_1_42' title='bbox 307 971 359 1018; x_wconf 89' lang='lat' dir='ltr'>in</span> <span class='ocrx_word' id='word_1_43' title='bbox 384 985 482 1033; x_wconf 85' lang='lat' dir='ltr'>qua</span> <span class='ocrx_word' id='word_1_44' title='bbox 499 970 604 1032; x_wconf 85' lang='lat' dir='ltr'>ipsa</span> <span class='ocrx_word' id='word_1_45' title='bbox 621 971 887 1033; x_wconf 88' lang='lat' dir='ltr'>reperimus</span> 
     </span>
    </p>

    <p class='ocr_par' dir='ltr' id='par_1_12' title="bbox 304 1035 1014 1107">
     <span class='ocr_line' id='line_1_12' title="bbox 304 1035 1014 1107; baseline -0.001 -22"><span class='ocrx_word' id='word_1_46' title='bbox 304 1036 510 1085; x_wconf 71' lang='lat' dir='ltr'>Lalium</span> <span class='ocrx_word' id='word_1_47' title='bbox 531 1036 681 1084; x_wconf 85' lang='lat' dir='ltr'>fuisse</span> <span class='ocrx_word' id='word_1_48' title='bbox 706 1035 959 1101; x_wconf 75' lang='lat' dir='ltr'>egregium</span> <span class='ocrx_word' id='word_1_49' title='bbox 992 1083 1014 1107; x_wconf 58' lang='grc'>,</span> 
     </span>
    </p>

    <p class='ocr_par' dir='ltr' id='par_1_13' title="bbox 302 1101 721 1164">
     <span class='ocr_line' id='line_1_13' title="bbox 302 1101 721 1164; baseline 0 -13"><span class='ocrx_word' id='word_1_50' title='bbox 302 1101 435 1152; x_wconf 86' lang='lat' dir='ltr'>bello</span> <span class='ocrx_word' id='word_1_51' title='bbox 457 1101 721 1164; x_wconf 75' lang='lat' dir='ltr'>Viriatico,</span> 
     </span>
    </p>

    <p class='ocr_par' dir='ltr' id='par_1_14' title="bbox 305 1168 604 1230">
     <span class='ocr_line' id='line_1_14' title="bbox 305 1168 604 1230; baseline 0.003 -14"><span class='ocrx_word' id='word_1_52' title='bbox 305 1170 377 1216; x_wconf 89' lang='lat' dir='ltr'>sic</span> <span class='ocrx_word' id='word_1_53' title='bbox 399 1168 604 1230; x_wconf 75' lang='lat' dir='ltr'>ingenii,</span> 
     </span>
    </p>

    <p class='ocr_par' dir='ltr' id='par_1_15' title="bbox 302 1234 927 1297">
     <span class='ocr_line' id='line_1_15' title="bbox 302 1234 927 1297; baseline 0.002 -15"><span class='ocrx_word' id='word_1_54' title='bbox 302 1234 597 1291; x_wconf 80' lang='lat' dir='ltr'>litterarum,</span> <span class='ocrx_word' id='word_1_55' title='bbox 622 1234 927 1297; x_wconf 62' lang='lat' dir='ltr'>eloquentie,</span> 
     </span>
    </p>

    <p class='ocr_par' dir='ltr' id='par_1_16' title="bbox 300 1300 800 1363">
     <span class='ocr_line' id='line_1_16' title="bbox 300 1300 800 1363; baseline 0 -15"><span class='ocrx_word' id='word_1_56' title='bbox 300 1300 509 1363; x_wconf 83' lang='lat' dir='ltr'>denique</span> <span class='ocrx_word' id='word_1_57' title='bbox 533 1301 800 1363; x_wconf 66' lang='lat' dir='ltr'>sapientie,</span> 
     </span>
    </p>

    <p class='ocr_par' dir='ltr' id='par_1_17' title="bbox 301 1367 845 1431">
     <span class='ocr_line' id='line_1_17' title="bbox 301 1367 845 1431; baseline 0.002 -16"><span class='ocrx_word' id='word_1_58' title='bbox 301 1369 393 1415; x_wconf 86' lang='lat' dir='ltr'>etsi</span> <span class='ocrx_word' id='word_1_59' title='bbox 414 1367 640 1416; x_wconf 78' lang='lat' dir='ltr'>deferunt</span> <span class='ocrx_word' id='word_1_60' title='bbox 662 1369 845 1431; x_wconf 78' lang='lat' dir='ltr'>primas</span> 
     </span>
    </p>

    <p class='ocr_par' dir='ltr' id='par_1_18' title="bbox 301 1433 509 1497">
     <span class='ocr_line' id='line_1_18' title="bbox 301 1433 509 1497; baseline 0.005 -18"><span class='ocrx_word' id='word_1_61' title='bbox 301 1433 509 1497; x_wconf 82' lang='lat' dir='ltr'>utrique,</span> 
     </span>
    </p>

    <p class='ocr_par' dir='ltr' id='par_1_19' title="bbox 297 1499 668 1562">
     <span class='ocr_line' id='line_1_19' title="bbox 297 1499 668 1562; baseline 0.003 -16"><span class='ocrx_word' id='word_1_62' title='bbox 297 1507 462 1547; x_wconf 85' lang='lat' dir='ltr'>tamen</span> <span class='ocrx_word' id='word_1_63' title='bbox 485 1499 668 1562; x_wconf 84' lang='lat' dir='ltr'>priores</span> 
     </span>
    </p>

    <p class='ocr_par' dir='ltr' id='par_1_20' title="bbox 297 1565 691 1615">
     <span class='ocr_line' id='line_1_20' title="bbox 297 1565 691 1615; baseline 0.003 -1"><span class='ocrx_word' id='word_1_64' title='bbox 297 1565 452 1614; x_wconf 74' lang='lat' dir='ltr'>Laelio</span> <span class='ocrx_word' id='word_1_65' title='bbox 468 1566 691 1615; x_wconf 79' lang='lat' dir='ltr'>libenter.</span> 
     </span>
    </p>

    <p class='ocr_par' dir='ltr' id='par_1_21' title="bbox 295 1631 757 1681">
     <span class='ocr_line' id='line_1_21' title="bbox 295 1631 757 1681; baseline -0.002 -1"><span class='ocrx_word' id='word_1_66' title='bbox 295 1631 401 1681; x_wconf 87' lang='lat' dir='ltr'>Nec</span> <span class='ocrx_word' id='word_1_67' title='bbox 423 1633 544 1680; x_wconf 89' lang='lat' dir='ltr'>mihi</span> <span class='ocrx_word' id='word_1_68' title='bbox 567 1632 757 1680; x_wconf 84' lang='lat' dir='ltr'>videtur</span> 
     </span>
    </p>

    <p class='ocr_par' dir='ltr' id='par_1_22' title="bbox 295 1699 749 1746">
     <span class='ocr_line' id='line_1_22' title="bbox 295 1699 749 1746; baseline 0.002 -2"><span class='ocrx_word' id='word_1_69' title='bbox 295 1699 535 1746; x_wconf 85' lang='lat' dir='ltr'>tributum</span> <span class='ocrx_word' id='word_1_70' title='bbox 556 1713 657 1746; x_wconf 82' lang='lat' dir='ltr'>esse</span> <span class='ocrx_word' id='word_1_71' title='bbox 677 1700 749 1746; x_wconf 73' lang='lat' dir='ltr'>ita</span> 
     </span>
    </p>

    <p class='ocr_par' dir='ltr' id='par_1_23' title="bbox 288 1764 970 1827">
     <span class='ocr_line' id='line_1_23' title="bbox 288 1764 970 1827; baseline -0.006 -14"><span class='ocrx_word' id='word_1_72' title='bbox 288 1764 483 1827; x_wconf 85' lang='lat' dir='ltr'>judicio</span> <span class='ocrx_word' id='word_1_73' title='bbox 504 1766 663 1813; x_wconf 81' lang='lat' dir='ltr'>solum</span> <span class='ocrx_word' id='word_1_74' title='bbox 682 1769 970 1823; x_wconf 86' lang='lat' dir='ltr'>ceterorum,</span> 
     </span>
    </p>

    <p class='ocr_par' dir='ltr' id='par_1_24' title="bbox 295 1829 1039 1890">
     <span class='ocr_line' id='line_1_24' title="bbox 295 1829 1039 1890; baseline -0.001 -13"><span class='ocrx_word' id='word_1_75' title='bbox 295 1830 385 1878; x_wconf 86' lang='lat' dir='ltr'>sed</span> <span class='ocrx_word' id='word_1_76' title='bbox 408 1836 553 1878; x_wconf 81' lang='lat' dir='ltr'>etiam</span> <span class='ocrx_word' id='word_1_77' title='bbox 575 1844 808 1878; x_wconf 85' lang='lat' dir='ltr'>concessu</span> <span class='ocrx_word' id='word_1_78' title='bbox 825 1829 1039 1890; x_wconf 86' lang='lat' dir='ltr'>ipsorum</span> 
     </span>
    </p>

    <p class='ocr_par' dir='ltr' id='par_1_25' title="bbox 290 1897 595 1959">
     <span class='ocr_line' id='line_1_25' title="bbox 290 1897 595 1959; baseline -0.003 -15"><span class='ocrx_word' id='word_1_79' title='bbox 290 1897 424 1945; x_wconf 84' lang='lat' dir='ltr'>inter</span> <span class='ocrx_word' id='word_1_80' title='bbox 445 1899 595 1959; x_wconf 85' lang='lat' dir='ltr'>ipsos.</span> 
     </span>
    </p>

    <p class='ocr_par' dir='ltr' id='par_1_26' title="bbox 289 1961 900 2012">
     <span class='ocr_line' id='line_1_26' title="bbox 289 1961 900 2012; baseline -0.008 0"><span class='ocrx_word' id='word_1_81' title='bbox 289 1962 404 2012; x_wconf 82' lang='lat' dir='ltr'>Mos</span> <span class='ocrx_word' id='word_1_82' title='bbox 427 1970 533 2009; x_wconf 80' lang='lat' dir='ltr'>erat</span> <span class='ocrx_word' id='word_1_83' title='bbox 552 1970 658 2009; x_wconf 78' lang='lat' dir='ltr'>tum</span> <span class='ocrx_word' id='word_1_84' title='bbox 682 1961 900 2012; x_wconf 72' lang='lat' dir='ltr'>omnino,</span> 
     </span>
    </p>

    <p class='ocr_par' dir='ltr' id='par_1_27' title="bbox 288 2023 1034 2089">
     <span class='ocr_line' id='line_1_27' title="bbox 288 2023 1034 2089; baseline -0.008 -12"><span class='ocrx_word' id='word_1_85' title='bbox 288 2037 351 2077; x_wconf 86' lang='lat' dir='ltr'>ut</span> <span class='ocrx_word' id='word_1_86' title='bbox 381 2029 558 2076; x_wconf 86' lang='lat' dir='ltr'>melior</span> <span class='ocrx_word' id='word_1_87' title='bbox 577 2028 630 2076; x_wconf 92' lang='lat' dir='ltr'>in</span> <span class='ocrx_word' id='word_1_88' title='bbox 654 2027 852 2089; x_wconf 85' lang='lat' dir='ltr'>reliquis</span> <span class='ocrx_word' id='word_1_89' title='bbox 872 2023 1034 2081; x_wconf 85' lang='lat' dir='ltr'>rebus,</span> 
     </span>
    </p>

    <p class='ocr_par' dir='ltr' id='par_1_28' title="bbox 287 2092 987 2155">
     <span class='ocr_line' id='line_1_28' title="bbox 287 2092 987 2155; baseline -0.001 -14"><span class='ocrx_word' id='word_1_90' title='bbox 287 2096 366 2142; x_wconf 84' lang='lat' dir='ltr'>sic</span> <span class='ocrx_word' id='word_1_91' title='bbox 387 2093 650 2142; x_wconf 81' lang='lat' dir='ltr'><strong>humanior</strong></span> <span class='ocrx_word' id='word_1_92' title='bbox 671 2094 726 2141; x_wconf 85' lang='lat' dir='ltr'>in</span> <span class='ocrx_word' id='word_1_93' title='bbox 746 2092 840 2141; x_wconf 81' lang='lat' dir='ltr'>hoc</span> <span class='ocrx_word' id='word_1_94' title='bbox 864 2092 987 2155; x_wconf 87' lang='lat' dir='ltr'>ipso,</span> 
     </span>
    </p>

    <p class='ocr_par' dir='ltr' id='par_1_29' title="bbox 287 2160 711 2209">
     <span class='ocr_line' id='line_1_29' title="bbox 287 2160 711 2209; baseline -0.005 -1"><span class='ocrx_word' id='word_1_95' title='bbox 287 2168 350 2208; x_wconf 84' lang='lat' dir='ltr'>ut</span> <span class='ocrx_word' id='word_1_96' title='bbox 362 2160 534 2208; x_wconf 84' lang='lat' dir='ltr'>faciles</span> <span class='ocrx_word' id='word_1_97' title='bbox 550 2166 711 2209; x_wconf 79' lang='lat' dir='ltr'>essent</span> 
     </span>
    </p>

    <p class='ocr_par' dir='ltr' id='par_1_30' title="bbox 288 2225 1029 2347">
     <span class='ocr_line' id='line_1_30' title="bbox 288 2225 1029 2287; baseline -0.005 -13"><span class='ocrx_word' id='word_1_98' title='bbox 288 2228 344 2274; x_wconf 89' lang='lat' dir='ltr'>in</span> <span class='ocrx_word' id='word_1_99' title='bbox 376 2226 637 2275; x_wconf 82' lang='lat' dir='ltr'>tribuendo</span> <span class='ocrx_word' id='word_1_100' title='bbox 669 2225 845 2287; x_wconf 87' lang='lat' dir='ltr'>cuique</span> <span class='ocrx_word' id='word_1_101' title='bbox 869 2238 1029 2271; x_wconf 90' lang='lat' dir='ltr'>suum.</span> 
     </span>
     <span class='ocr_line' id='line_1_31' title="bbox 358 2290 997 2347; baseline -0.006 -5"><span class='ocrx_word' id='word_1_102' title='bbox 358 2292 519 2342; x_wconf 82' lang='lat' dir='ltr'>xxn.</span> <span class='ocrx_word' id='word_1_103' title='bbox 559 2294 720 2342; x_wconf 86' lang='lat' dir='ltr'>Teneo</span> <span class='ocrx_word' id='word_1_104' title='bbox 747 2290 997 2347; x_wconf 79' lang='lat' dir='ltr'>memoria,</span> 
     </span>
    </p>

    <p class='ocr_par' dir='ltr' id='par_1_31' title="bbox 287 2359 826 2421">
     <span class='ocr_line' id='line_1_32' title="bbox 287 2359 826 2421; baseline 0 -14"><span class='ocrx_word' id='word_1_105' title='bbox 287 2374 371 2407; x_wconf 86' lang='lat' dir='ltr'>me</span> <span class='ocrx_word' id='word_1_106' title='bbox 391 2359 582 2407; x_wconf 87' lang='lat' dir='ltr'>audisse</span> <span class='ocrx_word' id='word_1_107' title='bbox 602 2359 826 2421; x_wconf 75' lang='lat' dir='ltr'>Smyrnae</span> 
     </span>
    </p>

    <p class='ocr_par' dir='ltr' id='par_1_32' title="bbox 288 2424 810 2484">
     <span class='ocr_line' id='line_1_33' title="bbox 288 2424 810 2484; baseline 0.002 -11"><span class='ocrx_word' id='word_1_108' title='bbox 288 2440 351 2473; x_wconf 84' lang='lat' dir='ltr'>ex</span> <span class='ocrx_word' id='word_1_109' title='bbox 369 2426 427 2474; x_wconf 89' lang='grc' dir='ltr'>Ρ.</span> <span class='ocrx_word' id='word_1_110' title='bbox 454 2426 642 2475; x_wconf 83' lang='lat' dir='ltr'>Rutilio</span> <span class='ocrx_word' id='word_1_111' title='bbox 663 2424 810 2484; x_wconf 83' lang='lat' dir='ltr'>Rufo,</span> 
     </span>
    </p>

    <p class='ocr_par' dir='ltr' id='par_1_33' title="bbox 285 2492 666 2554">
     <span class='ocr_line' id='line_1_34' title="bbox 285 2492 666 2554; baseline 0.003 -15"><span class='ocrx_word' id='word_1_112' title='bbox 285 2506 441 2554; x_wconf 86' lang='lat' dir='ltr'>quum</span> <span class='ocrx_word' id='word_1_113' title='bbox 468 2492 666 2547; x_wconf 82' lang='lat' dir='ltr'>diceret,</span> 
     </span>
    </p>

    <p class='ocr_par' dir='ltr' id='par_1_34' title="bbox 287 2556 995 2612">
     <span class='ocr_line' id='line_1_35' title="bbox 287 2556 995 2612; baseline -0.003 -8"><span class='ocrx_word' id='word_1_114' title='bbox 287 2559 526 2606; x_wconf 82' lang='lat' dir='ltr'>accidisse</span> <span class='ocrx_word' id='word_1_115' title='bbox 545 2574 597 2606; x_wconf 83' lang='lat' dir='ltr'>se</span> <span class='ocrx_word' id='word_1_116' title='bbox 618 2556 995 2612; x_wconf 79' lang='lat' dir='ltr'>adolescentulo,</span> 
     </span>
    </p>

    <p class='ocr_par' dir='ltr' id='par_1_35' title="bbox 287 2623 965 2688">
     <span class='ocr_line' id='line_1_36' title="bbox 287 2623 965 2688; baseline -0.001 -17"><span class='ocrx_word' id='word_1_117' title='bbox 287 2631 348 2671; x_wconf 86' lang='lat' dir='ltr'>ut</span> <span class='ocrx_word' id='word_1_118' title='bbox 368 2624 427 2672; x_wconf 87' lang='lat' dir='ltr'>P.</span> <span class='ocrx_word' id='word_1_119' title='bbox 450 2624 612 2688; x_wconf 78' lang='lat' dir='ltr'><strong>Scipio</strong></span> <span class='ocrx_word' id='word_1_120' title='bbox 636 2633 683 2672; x_wconf 86' lang='lat' dir='ltr'>et</span> <span class='ocrx_word' id='word_1_121' title='bbox 698 2623 762 2672; x_wconf 88' lang='lat' dir='ltr'>D.</span> <span class='ocrx_word' id='word_1_122' title='bbox 784 2624 965 2672; x_wconf 84' lang='lat' dir='ltr'>Brutus</span> 
     </span>
    </p>

    <p class='ocr_par' dir='ltr' id='par_1_36' title="bbox 286 2690 826 2753">
     <span class='ocr_line' id='line_1_37' title="bbox 286 2690 826 2753; baseline 0.002 -16"><span class='ocrx_word' id='word_1_123' title='bbox 286 2693 369 2749; x_wconf 79' lang='lat' dir='ltr'>(ut</span> <span class='ocrx_word' id='word_1_124' title='bbox 389 2691 580 2753; x_wconf 83' lang='lat' dir='ltr'>opinor)</span> <span class='ocrx_word' id='word_1_125' title='bbox 602 2690 826 2739; x_wconf 87' lang='lat' dir='ltr'>consules</span> 
     </span>
    </p>

    <p class='ocr_par' dir='ltr' id='par_1_37' title="bbox 286 2757 898 2818">
     <span class='ocr_line' id='line_1_38' title="bbox 286 2757 898 2818; baseline 0.005 -15"><span class='ocrx_word' id='word_1_126' title='bbox 286 2766 561 2818; x_wconf 67' lang='lat' dir='ltr'>quererent</span> <span class='ocrx_word' id='word_1_127' title='bbox 585 2757 645 2804; x_wconf 90' lang='lat' dir='ltr'>de</span> <span class='ocrx_word' id='word_1_128' title='bbox 670 2771 722 2805; x_wconf 87' lang='lat' dir='ltr'>re</span> <span class='ocrx_word' id='word_1_129' title='bbox 743 2757 898 2806; x_wconf 80' lang='lat' dir='ltr'>atroci</span> 
     </span>
    </p>

    <p class='ocr_par' dir='ltr' id='par_1_38' title="bbox 283 2837 579 2886">
     <span class='ocr_line' id='line_1_39' title="bbox 283 2837 579 2886; baseline 0 -17"><span class='ocrx_word' id='word_1_130' title='bbox 283 2837 579 2886; x_wconf 76' lang='lat' dir='ltr'>magnaque.</span> 
     </span>
    </p>

    <p class='ocr_par' dir='ltr' id='par_1_39' title="bbox 282 2887 966 2953">
     <span class='ocr_line' id='line_1_40' title="bbox 282 2887 966 2953; baseline 0.001 -15"><span class='ocrx_word' id='word_1_131' title='bbox 282 2887 416 2938; x_wconf 81' lang='lat' dir='ltr'>Nam</span> <span class='ocrx_word' id='word_1_132' title='bbox 437 2904 588 2952; x_wconf 86' lang='lat' dir='ltr'>quum</span> <span class='ocrx_word' id='word_1_133' title='bbox 608 2904 791 2953; x_wconf 79' lang='lat' dir='ltr'>magna</span> <span class='ocrx_word' id='word_1_134' title='bbox 809 2887 966 2939; x_wconf 63' lang='lat' dir='ltr'>cedes</span> 
     </span>
    </p>

    <p class='ocr_par' dir='ltr' id='par_1_40' title="bbox 285 2955 928 3013">
     <span class='ocr_line' id='line_1_41' title="bbox 285 2955 928 3013; baseline 0.002 -11"><span class='ocrx_word' id='word_1_135' title='bbox 285 2955 418 3003; x_wconf 80' lang='lat' dir='ltr'>facta</span> <span class='ocrx_word' id='word_1_136' title='bbox 438 2964 564 3004; x_wconf 84' lang='lat' dir='ltr'>esset</span> <span class='ocrx_word' id='word_1_137' title='bbox 583 2956 633 3003; x_wconf 90' lang='lat' dir='ltr'>in</span> <span class='ocrx_word' id='word_1_138' title='bbox 661 2956 786 3003; x_wconf 83' lang='lat' dir='ltr'>silva</span> <span class='ocrx_word' id='word_1_139' title='bbox 809 2955 928 3013; x_wconf 80' lang='lat' dir='ltr'>Sila,</span> 
     </span>
    </p>

    <p class='ocr_par' dir='ltr' id='par_1_41' title="bbox 283 3020 1024 3085">
     <span class='ocr_line' id='line_1_42' title="bbox 283 3020 1024 3085; baseline 0.003 -16"><span class='ocrx_word' id='word_1_140' title='bbox 283 3020 604 3085; x_wconf 69' lang='lat' dir='ltr'>hominesque</span> <span class='ocrx_word' id='word_1_141' title='bbox 626 3022 730 3070; x_wconf 80' lang='lat' dir='ltr'>noti</span> <span class='ocrx_word' id='word_1_142' title='bbox 765 3021 1024 3083; x_wconf 75' lang='lat' dir='ltr'><strong>interfecti,</strong></span> 
     </span>
    </p>

    <p class='ocr_par' dir='ltr' id='par_1_42' title="bbox 285 3087 977 3151">
     <span class='ocr_line' id='line_1_43' title="bbox 285 3087 977 3151; baseline 0.004 -17"><span class='ocrx_word' id='word_1_143' title='bbox 285 3088 572 3151; x_wconf 73' lang='lat' dir='ltr'><strong>familiaque</strong></span> <span class='ocrx_word' id='word_1_144' title='bbox 593 3087 977 3144; x_wconf 79' lang='lat' dir='ltr'>insimularetur.</span> 
     </span>
    </p>

    <p class='ocr_par' dir='ltr' id='par_1_43' title="bbox 283 3154 810 3216">
     <span class='ocr_line' id='line_1_44' title="bbox 283 3154 810 3216; baseline 0.006 -15"><span class='ocrx_word' id='word_1_145' title='bbox 283 3156 465 3216; x_wconf 83' lang='lat' dir='ltr'>partim</span> <span class='ocrx_word' id='word_1_146' title='bbox 493 3155 642 3204; x_wconf 82' lang='lat' dir='ltr'>etism</span> <span class='ocrx_word' id='word_1_147' title='bbox 666 3154 810 3204; x_wconf 81' lang='lat' dir='ltr'>liberi</span> 
     </span>
    </p>

    <p class='ocr_par' dir='ltr' id='par_1_44' title="bbox 281 3220 661 3283">
     <span class='ocr_line' id='line_1_45' title="bbox 281 3220 661 3283; baseline 0.003 -15"><span class='ocrx_word' id='word_1_148' title='bbox 281 3220 393 3283; x_wconf 80' lang='lat' dir='ltr'>ejus</span> <span class='ocrx_word' id='word_1_149' title='bbox 417 3221 661 3270; x_wconf 79' lang='lat' dir='ltr'>societatis</span> 
     </span>
    </p>

    <p class='ocr_par' dir='ltr' id='par_1_45' title="bbox 283 3284 929 3350">
     <span class='ocr_line' id='line_1_46' title="bbox 283 3284 929 3350; baseline 0.003 -17"><span class='ocrx_word' id='word_1_150' title='bbox 283 3301 395 3347; x_wconf 76' lang='lat' dir='ltr'>quoe</span> <span class='ocrx_word' id='word_1_151' title='bbox 422 3286 702 3335; x_wconf 75' lang='lat' dir='ltr'>redemisset</span> <span class='ocrx_word' id='word_1_152' title='bbox 720 3284 929 3350; x_wconf 66' lang='lat' dir='ltr'>picarias</span> 
     </span>
    </p>

    <p class='ocr_par' dir='ltr' id='par_1_46' title="bbox 282 3351 689 3414">
     <span class='ocr_line' id='line_1_47' title="bbox 282 3351 689 3414; baseline 0.007 -15"><span class='ocrx_word' id='word_1_153' title='bbox 282 3351 347 3399; x_wconf 84' lang='lat' dir='ltr'>de</span> <span class='ocrx_word' id='word_1_154' title='bbox 364 3352 424 3400; x_wconf 91' lang='lat' dir='ltr'>P.</span> <span class='ocrx_word' id='word_1_155' title='bbox 446 3354 689 3414; x_wconf 87' lang='lat' dir='ltr'>Cornelio,</span> 
     </span>
    </p>

    <p class='ocr_par' dir='ltr' id='par_1_47' title="bbox 285 3417 944 3478">
     <span class='ocr_line' id='line_1_48' title="bbox 285 3417 944 3478; baseline 0 -11"><span class='ocrx_word' id='word_1_156' title='bbox 285 3417 347 3467; x_wconf 87' lang='lat' dir='ltr'>L.</span> <span class='ocrx_word' id='word_1_157' title='bbox 381 3418 619 3468; x_wconf 79' lang='lat' dir='ltr'>Mummio</span> <span class='ocrx_word' id='word_1_158' title='bbox 638 3418 944 3478; x_wconf 50' lang='lat' dir='ltr'>censor-ibn„</span> 
     </span>
    </p>

    <p class='ocr_par' dir='ltr' id='par_1_48' title="bbox 283 3486 800 3535">
     <span class='ocr_line' id='line_1_49' title="bbox 283 3486 800 3535; baseline -0.004 0"><span class='ocrx_word' id='word_1_159' title='bbox 283 3494 508 3535; x_wconf 71' lang='lat' dir='ltr'>matum</span> <span class='ocrx_word' id='word_1_160' title='bbox 536 3486 800 3535; x_wconf 77' lang='lat' dir='ltr'>decrevisse</span> 
     </span>
    </p>
   </div>
   <div class='ocr_carea' id='block_1_6' title="bbox 1077 571 2148 3533">
    <p class='ocr_par' dir='ltr' id='par_1_49' title="bbox 1101 571 1931 637">
     <span class='ocr_line' id='line_1_50' title="bbox 1101 571 1931 637; baseline 0.005 -17"><span class='ocrx_word' id='word_1_161' title='bbox 1101 571 1226 637; x_wconf 79' lang='lat' dir='ltr'>Mais</span> <span class='ocrx_word' id='word_1_162' title='bbox 1249 572 1366 623; x_wconf 80' lang='lat' dir='ltr'>c’est</span> <span class='ocrx_word' id='word_1_163' title='bbox 1388 574 1574 637; x_wconf 78' lang='lat' dir='ltr'>l&#39;usage</span> <span class='ocrx_word' id='word_1_164' title='bbox 1599 574 1682 624; x_wconf 87' lang='lat' dir='ltr'>des</span> <span class='ocrx_word' id='word_1_165' title='bbox 1696 574 1931 636; x_wconf 86' lang='lat' dir='ltr'>hommes,</span> 
     </span>
    </p>

    <p class='ocr_par' dir='ltr' id='par_1_50' title="bbox 1102 638 1925 704">
     <span class='ocr_line' id='line_1_51' title="bbox 1102 638 1925 704; baseline 0.006 -18"><span class='ocrx_word' id='word_1_166' title='bbox 1102 638 1250 700; x_wconf 81' lang='lat' dir='ltr'>qu&#39;ils</span> <span class='ocrx_word' id='word_1_167' title='bbox 1281 653 1346 688; x_wconf 87' lang='lat' dir='ltr'>ne</span> <span class='ocrx_word' id='word_1_168' title='bbox 1370 641 1563 689; x_wconf 81' lang='lat' dir='ltr'>veulent</span> <span class='ocrx_word' id='word_1_169' title='bbox 1584 656 1671 704; x_wconf 88' lang='lat' dir='ltr'>pas</span> <span class='ocrx_word' id='word_1_170' title='bbox 1696 642 1741 690; x_wconf 87' lang='lat' dir='ltr'>le</span> <span class='ocrx_word' id='word_1_171' title='bbox 1767 645 1925 691; x_wconf 67' lang='lat' dir='ltr'>meme</span> 
     </span>
    </p>

    <p class='ocr_par' dir='ltr' id='par_1_51' title="bbox 1102 705 1928 769">
     <span class='ocr_line' id='line_1_52' title="bbox 1102 705 1928 769; baseline 0.005 -17"><span class='ocrx_word' id='word_1_172' title='bbox 1102 705 1313 754; x_wconf 81' lang='lat' dir='ltr'>excellet</span> <span class='ocrx_word' id='word_1_173' title='bbox 1332 706 1454 753; x_wconf 86' lang='lat' dir='ltr'>dans</span> <span class='ocrx_word' id='word_1_174' title='bbox 1477 708 1715 769; x_wconf 70' lang='lat' dir='ltr'>plusieurs</span> <span class='ocrx_word' id='word_1_175' title='bbox 1737 707 1928 756; x_wconf 84' lang='lat' dir='ltr'>choses.</span> 
     </span>
    </p>

    <p class='ocr_par' dir='ltr' id='par_1_52' title="bbox 1102 769 1864 838">
     <span class='ocr_line' id='line_1_53' title="bbox 1102 769 1864 838; baseline 0.004 -19"><span class='ocrx_word' id='word_1_176' title='bbox 1102 769 1198 819; x_wconf 76' lang='lat' dir='ltr'>Car</span> <span class='ocrx_word' id='word_1_177' title='bbox 1212 786 1403 820; x_wconf 86' lang='lat' dir='ltr'>comme</span> <span class='ocrx_word' id='word_1_178' title='bbox 1421 787 1655 835; x_wconf 78' lang='lat' dir='ltr'>personne</span> <span class='ocrx_word' id='word_1_179' title='bbox 1672 788 1735 822; x_wconf 87' lang='lat' dir='ltr'>ne</span> <span class='ocrx_word' id='word_1_180' title='bbox 1749 781 1864 838; x_wconf 83' lang='lat' dir='ltr'>peut</span> 
     </span>
    </p>

    <p class='ocr_par' dir='ltr' id='par_1_53' title="bbox 1101 837 1730 901">
     <span class='ocr_line' id='line_1_54' title="bbox 1101 837 1730 901; baseline 0.005 -17"><span class='ocrx_word' id='word_1_181' title='bbox 1101 838 1367 901; x_wconf 78' lang='lat' dir='ltr'>approcher</span> <span class='ocrx_word' id='word_1_182' title='bbox 1390 838 1448 886; x_wconf 85' lang='lat' dir='ltr'>de</span> <span class='ocrx_word' id='word_1_183' title='bbox 1469 837 1730 887; x_wconf 76' lang='lat' dir='ltr'>l’Africain</span> 
     </span>
    </p>

    <p class='ocr_par' dir='ltr' id='par_1_54' title="bbox 1102 904 1737 966">
     <span class='ocr_line' id='line_1_55' title="bbox 1102 904 1737 966; baseline 0.002 -15"><span class='ocrx_word' id='word_1_184' title='bbox 1102 918 1225 966; x_wconf 85' lang='lat' dir='ltr'>pour</span> <span class='ocrx_word' id='word_1_185' title='bbox 1245 904 1292 952; x_wconf 87' lang='lat' dir='ltr'>le</span> <span class='ocrx_word' id='word_1_186' title='bbox 1311 905 1480 953; x_wconf 75' lang='lat' dir='ltr'>merite</span> <span class='ocrx_word' id='word_1_187' title='bbox 1501 905 1737 966; x_wconf 78' lang='lat' dir='ltr'>guerrier,</span> 
     </span>
    </p>

    <p class='ocr_par' dir='ltr' id='par_1_55' title="bbox 1102 968 1971 1033">
     <span class='ocr_line' id='line_1_56' title="bbox 1102 968 1971 1033; baseline 0.006 -17"><span class='ocrx_word' id='word_1_188' title='bbox 1102 968 1224 1017; x_wconf 87' lang='lat' dir='ltr'>dans</span> <span class='ocrx_word' id='word_1_189' title='bbox 1241 970 1399 1033; x_wconf 86' lang='lat' dir='ltr'>lequel</span> <span class='ocrx_word' id='word_1_190' title='bbox 1417 972 1575 1020; x_wconf 66' lang='lat' dir='ltr'>meme</span> <span class='ocrx_word' id='word_1_191' title='bbox 1598 985 1722 1019; x_wconf 76' lang='lat' dir='ltr'>nous</span> <span class='ocrx_word' id='word_1_192' title='bbox 1739 975 1971 1021; x_wconf 77' lang='lat' dir='ltr'>trouvons</span> 
     </span>
    </p>

    <p class='ocr_par' dir='ltr' id='par_1_56' title="bbox 1099 1034 1786 1101">
     <span class='ocr_line' id='line_1_57' title="bbox 1099 1034 1786 1101; baseline 0.001 -17"><span class='ocrx_word' id='word_1_193' title='bbox 1099 1034 1262 1084; x_wconf 75' lang='lat' dir='ltr'>Lelius</span> <span class='ocrx_word' id='word_1_194' title='bbox 1285 1037 1422 1086; x_wconf 86' lang='lat' dir='ltr'>avoir</span> <span class='ocrx_word' id='word_1_195' title='bbox 1440 1038 1515 1084; x_wconf 71' lang='lat' dir='ltr'>ete</span> <span class='ocrx_word' id='word_1_196' title='bbox 1537 1036 1786 1101; x_wconf 72' lang='lat' dir='ltr'>distingue</span> 
     </span>
    </p>

    <p class='ocr_par' dir='ltr' id='par_1_57' title="bbox 1100 1100 1798 1167">
     <span class='ocr_line' id='line_1_58' title="bbox 1100 1100 1798 1167; baseline 0.006 -20"><span class='ocrx_word' id='word_1_197' title='bbox 1100 1100 1220 1149; x_wconf 90' lang='lat' dir='ltr'>dans</span> <span class='ocrx_word' id='word_1_198' title='bbox 1243 1104 1293 1150; x_wconf 85' lang='lat' dir='ltr'>la</span> <span class='ocrx_word' id='word_1_199' title='bbox 1313 1118 1490 1167; x_wconf 79' lang='lat' dir='ltr'>guerre</span> <span class='ocrx_word' id='word_1_200' title='bbox 1512 1103 1569 1150; x_wconf 90' lang='lat' dir='ltr'>de</span> <span class='ocrx_word' id='word_1_201' title='bbox 1590 1104 1798 1160; x_wconf 69' lang='lat' dir='ltr'>Vix-iate,</span> 
     </span>
    </p>

    <p class='ocr_par' dir='ltr' id='par_1_58' title="bbox 1098 1168 1925 1235">
     <span class='ocr_line' id='line_1_59' title="bbox 1098 1168 1925 1235; baseline 0.004 -20"><span class='ocrx_word' id='word_1_202' title='bbox 1098 1168 1223 1219; x_wconf 82' lang='lat' dir='ltr'>ainsi</span> <span class='ocrx_word' id='word_1_203' title='bbox 1242 1169 1655 1233; x_wconf 82' lang='lat' dir='ltr'>sous-le-rapport</span> <span class='ocrx_word' id='word_1_204' title='bbox 1676 1169 1743 1218; x_wconf 88' lang='lat' dir='ltr'>du</span> <span class='ocrx_word' id='word_1_205' title='bbox 1765 1170 1925 1235; x_wconf 76' lang='lat' dir='ltr'>genie,</span> 
     </span>
    </p>

    <p class='ocr_par' dir='ltr' id='par_1_59' title="bbox 1098 1233 1784 1298">
     <span class='ocr_line' id='line_1_60' title="bbox 1098 1233 1784 1298; baseline 0.006 -18"><span class='ocrx_word' id='word_1_206' title='bbox 1098 1233 1164 1281; x_wconf 89' lang='lat' dir='ltr'>du</span> <span class='ocrx_word' id='word_1_207' title='bbox 1187 1237 1364 1293; x_wconf 79' lang='lat' dir='ltr'>saveir,</span> <span class='ocrx_word' id='word_1_208' title='bbox 1392 1236 1451 1283; x_wconf 89' lang='lat' dir='ltr'>de</span> <span class='ocrx_word' id='word_1_209' title='bbox 1470 1235 1784 1298; x_wconf 80' lang='lat' dir='ltr'>l&#39;eloquenoe,</span> 
     </span>
    </p>

    <p class='ocr_par' dir='ltr' id='par_1_60' title="bbox 1096 1300 1719 1364">
     <span class='ocr_line' id='line_1_61' title="bbox 1096 1300 1719 1364; baseline 0.003 -16"><span class='ocrx_word' id='word_1_210' title='bbox 1096 1300 1226 1348; x_wconf 85' lang='lat' dir='ltr'>enfin</span> <span class='ocrx_word' id='word_1_211' title='bbox 1246 1301 1305 1348; x_wconf 87' lang='lat' dir='ltr'>de</span> <span class='ocrx_word' id='word_1_212' title='bbox 1330 1302 1380 1349; x_wconf 82' lang='lat' dir='ltr'>la</span> <span class='ocrx_word' id='word_1_213' title='bbox 1400 1301 1719 1364; x_wconf 78' lang='lat' dir='ltr'>philosophie,</span> 
     </span>
    </p>

    <p class='ocr_par' dir='ltr' id='par_1_61' title="bbox 1097 1366 2041 1433">
     <span class='ocr_line' id='line_1_62' title="bbox 1097 1366 2041 1433; baseline 0.002 -20"><span class='ocrx_word' id='word_1_214' title='bbox 1097 1367 1360 1430; x_wconf 88' lang='lat' dir='ltr'>quoiqu’ils</span> <span class='ocrx_word' id='word_1_215' title='bbox 1381 1367 1600 1416; x_wconf 80' lang='lat' dir='ltr'>donnent</span> <span class='ocrx_word' id='word_1_216' title='bbox 1617 1366 2041 1433; x_wconf 83' lang='lat' dir='ltr'>le·premier-rang</span> 
     </span>
    </p>

    <p class='ocr_par' dir='ltr' id='par_1_62' title="bbox 1096 1432 1586 1493">
     <span class='ocr_line' id='line_1_63' title="bbox 1096 1432 1586 1493; baseline 0.006 -15"><span class='ocrx_word' id='word_1_217' title='bbox 1096 1433 1128 1478; x_wconf 71' lang='lat' dir='ltr'>a</span> <span class='ocrx_word' id='word_1_218' title='bbox 1154 1432 1259 1480; x_wconf 86' lang='lat' dir='ltr'>l’un</span> <span class='ocrx_word' id='word_1_219' title='bbox 1276 1444 1326 1481; x_wconf 80' lang='lat' dir='ltr'>et</span> <span class='ocrx_word' id='word_1_220' title='bbox 1343 1435 1375 1482; x_wconf 75' lang='lat' dir='ltr'>is</span> <span class='ocrx_word' id='word_1_221' title='bbox 1395 1433 1586 1493; x_wconf 85' lang='lat' dir='ltr'>l’autre‚</span> 
     </span>
    </p>

    <p class='ocr_par' dir='ltr' id='par_1_63' title="bbox 1095 1486 1921 1564">
     <span class='ocr_line' id='line_1_64' title="bbox 1095 1486 1921 1564; baseline 0.005 -18"><span class='ocrx_word' id='word_1_222' title='bbox 1095 1508 1329 1561; x_wconf 82' lang='lat' dir='ltr'>pourtant</span> <span class='ocrx_word' id='word_1_223' title='bbox 1349 1503 1408 1547; x_wconf 75' lang='lat' dir='ltr'>s‘ls</span> <span class='ocrx_word' id='word_1_224' title='bbox 1435 1486 1631 1548; x_wconf 53' lang='lat' dir='ltr'>denhem</span> <span class='ocrx_word' id='word_1_225' title='bbox 1651 1501 1704 1549; x_wconf 88' lang='lat' dir='ltr'>la</span> <span class='ocrx_word' id='word_1_226' title='bbox 1721 1498 1921 1564; x_wconf 73' lang='lat' dir='ltr'>priorite</span> 
     </span>
    </p>

    <p class='ocr_par' dir='ltr' id='par_1_64' title="bbox 1094 1563 1614 1615">
     <span class='ocr_line' id='line_1_65' title="bbox 1094 1563 1614 1615; baseline 0.006 -3"><span class='ocrx_word' id='word_1_227' title='bbox 1094 1565 1127 1612; x_wconf 72' lang='grc' dir='ltr'>ὁ,</span> <span class='ocrx_word' id='word_1_228' title='bbox 1140 1563 1304 1613; x_wconf 75' lang='lat' dir='ltr'>Lelius</span> <span class='ocrx_word' id='word_1_229' title='bbox 1332 1566 1614 1615; x_wconf 81' lang='lat' dir='ltr'>volontiers.</span> 
     </span>
    </p>

    <p class='ocr_par' dir='ltr' id='par_1_65' title="bbox 1094 1629 1711 1694">
     <span class='ocr_line' id='line_1_66' title="bbox 1094 1629 1711 1694; baseline 0.003 -16"><span class='ocrx_word' id='word_1_230' title='bbox 1094 1629 1157 1678; x_wconf 84' lang='lat' dir='ltr'>Et</span> <span class='ocrx_word' id='word_1_231' title='bbox 1184 1631 1220 1677; x_wconf 88' lang='lat' dir='ltr'>il</span> <span class='ocrx_word' id='word_1_232' title='bbox 1242 1646 1305 1679; x_wconf 86' lang='lat' dir='ltr'>ne</span> <span class='ocrx_word' id='word_1_233' title='bbox 1322 1646 1401 1679; x_wconf 90' lang='lat' dir='ltr'>me</span> <span class='ocrx_word' id='word_1_234' title='bbox 1419 1631 1600 1680; x_wconf 87' lang='lat' dir='ltr'>semble</span> <span class='ocrx_word' id='word_1_235' title='bbox 1625 1645 1711 1694; x_wconf 75' lang='lat' dir='ltr'>pas</span> 
     </span>
    </p>

    <p class='ocr_par' dir='ltr' id='par_1_66' title="bbox 1092 1697 1820 1760">
     <span class='ocr_line' id='line_1_67' title="bbox 1092 1697 1820 1760; baseline 0.005 -17"><span class='ocrx_word' id='word_1_236' title='bbox 1092 1698 1668 1760; x_wconf 73' lang='lat' dir='ltr'>partage-avoir-ete-fait</span> <span class='ocrx_word' id='word_1_237' title='bbox 1690 1697 1820 1747; x_wconf 84' lang='lat' dir='ltr'>ainsi</span> 
     </span>
    </p>

    <p class='ocr_par' dir='ltr' id='par_1_67' title="bbox 1093 1761 2012 1827">
     <span class='ocr_line' id='line_1_68' title="bbox 1093 1761 2012 1827; baseline 0.003 -18"><span class='ocrx_word' id='word_1_238' title='bbox 1093 1761 1159 1810; x_wconf 88' lang='lat' dir='ltr'>du</span> <span class='ocrx_word' id='word_1_239' title='bbox 1173 1764 1430 1827; x_wconf 81' lang='lat' dir='ltr'>jugement</span> <span class='ocrx_word' id='word_1_240' title='bbox 1451 1763 1719 1813; x_wconf 82' lang='lat' dir='ltr'>seulement</span> <span class='ocrx_word' id='word_1_241' title='bbox 1733 1764 1815 1812; x_wconf 84' lang='lat' dir='ltr'>des</span> <span class='ocrx_word' id='word_1_242' title='bbox 1834 1770 2012 1823; x_wconf 82' lang='lat' dir='ltr'>autres,</span> 
     </span>
    </p>

    <p class='ocr_par' dir='ltr' id='par_1_68' title="bbox 1090 1830 2001 1880">
     <span class='ocr_line' id='line_1_69' title="bbox 1090 1830 2001 1880; baseline 0.004 -5"><span class='ocrx_word' id='word_1_243' title='bbox 1090 1830 1217 1876; x_wconf 87' lang='lat' dir='ltr'>mais</span> <span class='ocrx_word' id='word_1_244' title='bbox 1242 1830 1375 1877; x_wconf 78' lang='lat' dir='ltr'>aussi</span> <span class='ocrx_word' id='word_1_245' title='bbox 1398 1830 1457 1880; x_wconf 88' lang='lat' dir='ltr'>de</span> <span class='ocrx_word' id='word_1_246' title='bbox 1477 1830 1638 1879; x_wconf 80' lang='lat' dir='ltr'>l’aveu</span> <span class='ocrx_word' id='word_1_247' title='bbox 1657 1831 2001 1880; x_wconf 56' lang='lat' dir='ltr'>&amp;eux-memes</span> 
     </span>
    </p>

    <p class='ocr_par' dir='ltr' id='par_1_69' title="bbox 1090 1898 1557 1947">
     <span class='ocr_line' id='line_1_70' title="bbox 1090 1898 1557 1947; baseline 0.009 -5"><span class='ocrx_word' id='word_1_248' title='bbox 1090 1904 1225 1943; x_wconf 86' lang='lat' dir='ltr'>entre</span> <span class='ocrx_word' id='word_1_249' title='bbox 1240 1898 1557 1947; x_wconf 70' lang='lat' dir='ltr'>eux-memes.</span> 
     </span>
    </p>

    <p class='ocr_par' dir='ltr' id='par_1_70' title="bbox 1090 1959 1928 2026">
     <span class='ocr_line' id='line_1_71' title="bbox 1090 1959 1928 2026; baseline 0.002 -17"><span class='ocrx_word' id='word_1_250' title='bbox 1090 1959 1301 2026; x_wconf 81' lang='lat' dir='ltr'>L&#39;usage</span> <span class='ocrx_word' id='word_1_251' title='bbox 1329 1964 1450 2011; x_wconf 72' lang='lat' dir='ltr'>etait</span> <span class='ocrx_word' id='word_1_252' title='bbox 1478 1962 1607 2012; x_wconf 88' lang='lat' dir='ltr'>alors</span> <span class='ocrx_word' id='word_1_253' title='bbox 1627 1976 1688 2010; x_wconf 89' lang='lat' dir='ltr'>en</span> <span class='ocrx_word' id='word_1_254' title='bbox 1714 1963 1928 2024; x_wconf 72' lang='lat' dir='ltr'>general,</span> 
     </span>
    </p>

    <p class='ocr_par' dir='ltr' id='par_1_71' title="bbox 1089 2026 2148 2091">
     <span class='ocr_line' id='line_1_72' title="bbox 1089 2026 2148 2091; baseline 0.003 -16"><span class='ocrx_word' id='word_1_255' title='bbox 1089 2042 1279 2076; x_wconf 85' lang='lat' dir='ltr'>comme</span> <span class='ocrx_word' id='word_1_256' title='bbox 1300 2029 1524 2077; x_wconf 80' lang='lat' dir='ltr'>meilleur</span> <span class='ocrx_word' id='word_1_257' title='bbox 1544 2030 1665 2076; x_wconf 84' lang='lat' dir='ltr'>dans</span> <span class='ocrx_word' id='word_1_258' title='bbox 1682 2029 1754 2076; x_wconf 88' lang='lat' dir='ltr'>les</span> <span class='ocrx_word' id='word_1_259' title='bbox 1778 2036 1942 2077; x_wconf 78' lang='lat' dir='ltr'>autres</span> <span class='ocrx_word' id='word_1_260' title='bbox 1955 2026 2148 2091; x_wconf 75' lang='lat' dir='ltr'>choses,</span> 
     </span>
    </p>

    <p class='ocr_par' dir='ltr' id='par_1_72' title="bbox 1088 2093 2022 2158">
     <span class='ocr_line' id='line_1_73' title="bbox 1088 2093 2022 2158; baseline 0.002 -17"><span class='ocrx_word' id='word_1_261' title='bbox 1088 2093 1214 2142; x_wconf 77' lang='lat' dir='ltr'>ainsi</span> <span class='ocrx_word' id='word_1_262' title='bbox 1237 2096 1348 2157; x_wconf 85' lang='lat' dir='ltr'>pius</span> <span class='ocrx_word' id='word_1_263' title='bbox 1367 2097 1611 2158; x_wconf 72' lang='lat' dir='ltr'>gener-eux</span> <span class='ocrx_word' id='word_1_264' title='bbox 1630 2110 1693 2143; x_wconf 87' lang='lat' dir='ltr'>en</span> <span class='ocrx_word' id='word_1_265' title='bbox 1713 2096 1821 2144; x_wconf 76' lang='lat' dir='ltr'>cela</span> <span class='ocrx_word' id='word_1_266' title='bbox 1846 2098 2022 2154; x_wconf 64' lang='lat' dir='ltr'>meme,</span> 
     </span>
    </p>

    <p class='ocr_par' dir='ltr' id='par_1_73' title="bbox 1088 2160 1670 2224">
     <span class='ocr_line' id='line_1_74' title="bbox 1088 2160 1670 2224; baseline 0.007 -18"><span class='ocrx_word' id='word_1_267' title='bbox 1088 2160 1237 2222; x_wconf 87' lang='lat' dir='ltr'>qu’ils</span> <span class='ocrx_word' id='word_1_268' title='bbox 1255 2162 1435 2209; x_wconf 71' lang='lat' dir='ltr'>etaient</span> <span class='ocrx_word' id='word_1_269' title='bbox 1456 2161 1670 2224; x_wconf 78' lang='lat' dir='ltr'>disposes</span> 
     </span>
    </p>

    <p class='ocr_par' dir='ltr' id='par_1_74' title="bbox 1087 2226 2143 2290">
     <span class='ocr_line' id='line_1_75' title="bbox 1087 2226 2143 2290; baseline 0.005 -17"><span class='ocrx_word' id='word_1_270' title='bbox 1087 2227 1118 2273; x_wconf 67' lang='lat' dir='ltr'>a</span> <span class='ocrx_word' id='word_1_271' title='bbox 1138 2226 1312 2275; x_wconf 82' lang='lat' dir='ltr'>rendre</span> <span class='ocrx_word' id='word_1_272' title='bbox 1329 2230 1360 2276; x_wconf 52' lang='lat' dir='ltr'>*a</span> <span class='ocrx_word' id='word_1_273' title='bbox 1382 2227 1569 2276; x_wconf 77' lang='lat' dir='ltr'>chacun</span> <span class='ocrx_word' id='word_1_274' title='bbox 1588 2227 2075 2290; x_wconf 73' lang='lat' dir='ltr'>ce-qui-lui-cst-dfl.</span> <span class='ocrx_word' id='word_1_275' title='bbox 2137 2274 2143 2279; x_wconf 86' lang='lat'><strong>.</strong></span> 
     </span>
    </p>

    <p class='ocr_par' dir='ltr' id='par_1_75' title="bbox 1151 2292 2108 2356">
     <span class='ocr_line' id='line_1_76' title="bbox 1151 2292 2108 2356; baseline 0.004 -15"><span class='ocrx_word' id='word_1_276' title='bbox 1151 2292 1311 2341; x_wconf 90' lang='lat' dir='ltr'><strong>XXII.</strong></span> <span class='ocrx_word' id='word_1_277' title='bbox 1349 2294 1411 2344; x_wconf 74' lang='lat' dir='ltr'>‚Je</span> <span class='ocrx_word' id='word_1_278' title='bbox 1447 2294 1594 2351; x_wconf 69' lang='lat' dir='ltr'>garde</span> <span class='ocrx_word' id='word_1_279' title='bbox 1617 2293 1739 2340; x_wconf 83' lang='lat' dir='ltr'>dans</span> <span class='ocrx_word' id='word_1_280' title='bbox 1760 2308 1841 2341; x_wconf 86' lang='lat' dir='ltr'>ma</span> <span class='ocrx_word' id='word_1_281' title='bbox 1862 2296 2108 2356; x_wconf 74' lang='lat' dir='ltr'>memnii-e,</span> 
     </span>
    </p>

    <p class='ocr_par' dir='ltr' id='par_1_76' title="bbox 1085 2359 1856 2421">
     <span class='ocr_line' id='line_1_77' title="bbox 1085 2359 1856 2421; baseline 0.004 -17"><span class='ocrx_word' id='word_1_282' title='bbox 1085 2360 1186 2406; x_wconf 90' lang='lat' dir='ltr'>moi</span> <span class='ocrx_word' id='word_1_283' title='bbox 1214 2359 1351 2407; x_wconf 86' lang='lat' dir='ltr'>avoir</span> <span class='ocrx_word' id='word_1_284' title='bbox 1368 2360 1575 2408; x_wconf 85' lang='lat' dir='ltr'>entendu</span> <span class='ocrx_word' id='word_1_285' title='bbox 1601 2363 1630 2405; x_wconf 76' lang='lat' dir='ltr'>a</span> <span class='ocrx_word' id='word_1_286' title='bbox 1650 2359 1856 2421; x_wconf 85' lang='lat' dir='ltr'>Smyrne</span> 
     </span>
    </p>

    <p class='ocr_par' dir='ltr' id='par_1_77' title="bbox 1085 2424 2009 2486">
     <span class='ocr_line' id='line_1_78' title="bbox 1085 2424 2009 2486; baseline 0.003 -14"><span class='ocrx_word' id='word_1_287' title='bbox 1085 2426 1139 2472; x_wconf 80' lang='lat' dir='ltr'>de</span> <span class='ocrx_word' id='word_1_288' title='bbox 1161 2429 1208 2472; x_wconf 79' lang='lat' dir='ltr'>la</span> <span class='ocrx_word' id='word_1_289' title='bbox 1231 2428 1394 2473; x_wconf 68' lang='lat' dir='ltr'>boucha</span> <span class='ocrx_word' id='word_1_290' title='bbox 1419 2424 1477 2472; x_wconf 88' lang='lat' dir='ltr'>de</span> <span class='ocrx_word' id='word_1_291' title='bbox 1507 2426 1564 2474; x_wconf 88' lang='lat' dir='ltr'>P.</span> <span class='ocrx_word' id='word_1_292' title='bbox 1591 2426 1807 2474; x_wconf 84' lang='lat' dir='ltr'>Rutilius</span> <span class='ocrx_word' id='word_1_293' title='bbox 1833 2424 2009 2486; x_wconf 83' lang='lat' dir='ltr'>Rufus,</span> 
     </span>
    </p>

    <p class='ocr_par' dir='ltr' id='par_1_78' title="bbox 1084 2491 1489 2552">
     <span class='ocr_line' id='line_1_79' title="bbox 1084 2491 1489 2552; baseline 0 -14"><span class='ocrx_word' id='word_1_294' title='bbox 1084 2491 1249 2552; x_wconf 82' lang='lat' dir='ltr'>quand</span> <span class='ocrx_word' id='word_1_295' title='bbox 1270 2492 1309 2540; x_wconf 91' lang='lat' dir='ltr'>il</span> <span class='ocrx_word' id='word_1_296' title='bbox 1327 2491 1489 2549; x_wconf 65' lang='lat' dir='ltr'>dissic,</span> 
     </span>
    </p>

    <p class='ocr_par' dir='ltr' id='par_1_79' title="bbox 1082 2557 1941 2618">
     <span class='ocr_line' id='line_1_80' title="bbox 1082 2557 1941 2618; baseline 0.003 -15"><span class='ocrx_word' id='word_1_297' title='bbox 1082 2559 1184 2604; x_wconf 60' lang='lat' dir='ltr'>&amp;tre</span> <span class='ocrx_word' id='word_1_298' title='bbox 1214 2559 1374 2605; x_wconf 75' lang='lat' dir='ltr'>arrive</span> <span class='ocrx_word' id='word_1_299' title='bbox 1401 2558 1470 2604; x_wconf 88' lang='lat' dir='ltr'>lui</span> <span class='ocrx_word' id='word_1_300' title='bbox 1495 2559 1620 2605; x_wconf 59' lang='lat' dir='ltr'>&amp;tant</span> <span class='ocrx_word' id='word_1_301' title='bbox 1651 2557 1941 2618; x_wconf 69' lang='lat' dir='ltr'>tout-Jeme,</span> 
     </span>
    </p>

    <p class='ocr_par' dir='ltr' id='par_1_80' title="bbox 1083 2622 1845 2686">
     <span class='ocr_line' id='line_1_81' title="bbox 1083 2622 1845 2686; baseline 0.001 -16"><span class='ocrx_word' id='word_1_302' title='bbox 1083 2622 1179 2685; x_wconf 88' lang='lat' dir='ltr'>que</span> <span class='ocrx_word' id='word_1_303' title='bbox 1203 2622 1260 2671; x_wconf 87' lang='lat' dir='ltr'>P.</span> <span class='ocrx_word' id='word_1_304' title='bbox 1292 2623 1487 2686; x_wconf 77' lang='lat' dir='ltr'>Scipion</span> <span class='ocrx_word' id='word_1_305' title='bbox 1506 2632 1554 2672; x_wconf 84' lang='lat' dir='ltr'>et</span> <span class='ocrx_word' id='word_1_306' title='bbox 1574 2623 1639 2672; x_wconf 92' lang='lat' dir='ltr'>D.</span> <span class='ocrx_word' id='word_1_307' title='bbox 1662 2623 1845 2672; x_wconf 79' lang='lat' dir='ltr'>Brutus</span> 
     </span>
    </p>

    <p class='ocr_par' dir='ltr' id='par_1_81' title="bbox 1084 2691 1747 2752">
     <span class='ocr_line' id='line_1_82' title="bbox 1084 2691 1747 2752; baseline 0 -16"><span class='ocrx_word' id='word_1_308' title='bbox 1084 2694 1290 2747; x_wconf 88' lang='lat' dir='ltr'>(comme</span> <span class='ocrx_word' id='word_1_309' title='bbox 1307 2691 1357 2752; x_wconf 72' lang='lat' dir='ltr'>Je</span> <span class='ocrx_word' id='word_1_310' title='bbox 1369 2693 1530 2752; x_wconf 84' lang='lat' dir='ltr'>pense)</span> <span class='ocrx_word' id='word_1_311' title='bbox 1552 2691 1747 2738; x_wconf 86' lang='lat' dir='ltr'>consuls</span> 
     </span>
    </p>

    <p class='ocr_par' dir='ltr' id='par_1_82' title="bbox 1082 2755 1921 2805">
     <span class='ocr_line' id='line_1_83' title="bbox 1082 2755 1921 2805; baseline 0.002 -3"><span class='ocrx_word' id='word_1_312' title='bbox 1082 2755 1429 2804; x_wconf 77' lang='lat' dir='ltr'>informassent</span> <span class='ocrx_word' id='word_1_313' title='bbox 1446 2771 1531 2803; x_wconf 84' lang='lat' dir='ltr'>sur</span> <span class='ocrx_word' id='word_1_314' title='bbox 1553 2771 1621 2805; x_wconf 89' lang='lat' dir='ltr'>un</span> <span class='ocrx_word' id='word_1_315' title='bbox 1645 2756 1739 2803; x_wconf 80' lang='lat' dir='ltr'>fait</span> <span class='ocrx_word' id='word_1_316' title='bbox 1758 2760 1921 2804; x_wconf 80' lang='lat' dir='ltr'>atroce</span> 
     </span>
    </p>

    <p class='ocr_par' dir='ltr' id='par_1_83' title="bbox 1080 2821 1502 2871">
     <span class='ocr_line' id='line_1_84' title="bbox 1080 2821 1502 2871; baseline 0.002 -2"><span class='ocrx_word' id='word_1_317' title='bbox 1080 2831 1129 2869; x_wconf 83' lang='lat' dir='ltr'>et</span> <span class='ocrx_word' id='word_1_318' title='bbox 1152 2821 1502 2871; x_wconf 78' lang='lat' dir='ltr'>considerable.</span> 
     </span>
    </p>

    <p class='ocr_par' dir='ltr' id='par_1_84' title="bbox 1080 2887 1890 2952">
     <span class='ocr_line' id='line_1_85' title="bbox 1080 2887 1890 2952; baseline 0.001 -17"><span class='ocrx_word' id='word_1_319' title='bbox 1080 2887 1176 2936; x_wconf 87' lang='lat' dir='ltr'>Car</span> <span class='ocrx_word' id='word_1_320' title='bbox 1197 2903 1385 2936; x_wconf 88' lang='lat' dir='ltr'>comme</span> <span class='ocrx_word' id='word_1_321' title='bbox 1403 2903 1471 2936; x_wconf 88' lang='lat' dir='ltr'>un</span> <span class='ocrx_word' id='word_1_322' title='bbox 1493 2887 1653 2952; x_wconf 80' lang='lat' dir='ltr'>grand</span> <span class='ocrx_word' id='word_1_323' title='bbox 1678 2902 1890 2952; x_wconf 82' lang='lat' dir='ltr'>carnage</span> 
     </span>
    </p>

    <p class='ocr_par' dir='ltr' id='par_1_85' title="bbox 1081 2952 2010 3012">
     <span class='ocr_line' id='line_1_86' title="bbox 1081 2952 2010 3012; baseline 0.001 -11"><span class='ocrx_word' id='word_1_324' title='bbox 1081 2954 1213 3001; x_wconf 85' lang='lat' dir='ltr'>avait</span> <span class='ocrx_word' id='word_1_325' title='bbox 1240 2957 1316 3002; x_wconf 71' lang='lat' dir='ltr'>ete</span> <span class='ocrx_word' id='word_1_326' title='bbox 1338 2954 1429 3002; x_wconf 80' lang='lat' dir='ltr'>fait</span> <span class='ocrx_word' id='word_1_327' title='bbox 1451 2954 1568 3003; x_wconf 80' lang='lat' dir='ltr'>dans</span> <span class='ocrx_word' id='word_1_328' title='bbox 1587 2955 1640 3003; x_wconf 89' lang='lat' dir='ltr'>la</span> <span class='ocrx_word' id='word_1_329' title='bbox 1662 2952 1788 3003; x_wconf 66' lang='lat' dir='ltr'>soret</span> <span class='ocrx_word' id='word_1_330' title='bbox 1808 2955 1868 3001; x_wconf 90' lang='lat' dir='ltr'>de</span> <span class='ocrx_word' id='word_1_331' title='bbox 1889 2953 2010 3012; x_wconf 82' lang='lat' dir='ltr'>Sila,</span> 
     </span>
    </p>

    <p class='ocr_par' dir='ltr' id='par_1_86' title="bbox 1080 3020 2003 3078">
     <span class='ocr_line' id='line_1_87' title="bbox 1080 3020 2003 3078; baseline 0.001 -12"><span class='ocrx_word' id='word_1_332' title='bbox 1080 3028 1130 3068; x_wconf 84' lang='lat' dir='ltr'>et</span> <span class='ocrx_word' id='word_1_333' title='bbox 1150 3020 1234 3068; x_wconf 88' lang='lat' dir='ltr'>des</span> <span class='ocrx_word' id='word_1_334' title='bbox 1256 3021 1476 3068; x_wconf 88' lang='lat' dir='ltr'>hommes</span> <span class='ocrx_word' id='word_1_335' title='bbox 1501 3036 1689 3069; x_wconf 90' lang='lat' dir='ltr'>connus</span> <span class='ocrx_word' id='word_1_336' title='bbox 1717 3022 2003 3078; x_wconf 74' lang='lat' dir='ltr'>massacres,</span> 
     </span>
    </p>

    <p class='ocr_par' dir='ltr' id='par_1_87' title="bbox 1079 3086 1999 3148">
     <span class='ocr_line' id='line_1_88' title="bbox 1079 3086 1999 3148; baseline 0 -15"><span class='ocrx_word' id='word_1_337' title='bbox 1079 3094 1128 3133; x_wconf 79' lang='lat' dir='ltr'>et</span> <span class='ocrx_word' id='word_1_338' title='bbox 1143 3101 1237 3148; x_wconf 87' lang='lat' dir='ltr'>que</span> <span class='ocrx_word' id='word_1_339' title='bbox 1259 3087 1329 3134; x_wconf 86' lang='lat' dir='ltr'>les</span> <span class='ocrx_word' id='word_1_340' title='bbox 1351 3086 1562 3135; x_wconf 80' lang='lat' dir='ltr'>esclaves</span> <span class='ocrx_word' id='word_1_341' title='bbox 1584 3086 1764 3135; x_wconf 76' lang='lat' dir='ltr'>etaient</span> <span class='ocrx_word' id='word_1_342' title='bbox 1785 3087 1999 3144; x_wconf 73' lang='lat' dir='ltr'>accuses,</span> 
     </span>
    </p>

    <p class='ocr_par' dir='ltr' id='par_1_88' title="bbox 1078 3152 1805 3215">
     <span class='ocr_line' id='line_1_89' title="bbox 1078 3152 1805 3215; baseline 0.001 -15"><span class='ocrx_word' id='word_1_343' title='bbox 1078 3167 1136 3201; x_wconf 85' lang='lat' dir='ltr'>en</span> <span class='ocrx_word' id='word_1_344' title='bbox 1161 3153 1317 3215; x_wconf 80' lang='lat' dir='ltr'>partie</span> <span class='ocrx_word' id='word_1_345' title='bbox 1337 3155 1492 3200; x_wconf 66' lang='lat' dir='ltr'>meme</span> <span class='ocrx_word' id='word_1_346' title='bbox 1517 3153 1588 3202; x_wconf 86' lang='lat' dir='ltr'>les</span> <span class='ocrx_word' id='word_1_347' title='bbox 1611 3152 1805 3202; x_wconf 76' lang='lat' dir='ltr'>enfants</span> 
     </span>
    </p>

    <p class='ocr_par' dir='ltr' id='par_1_89' title="bbox 1078 3218 1478 3267">
     <span class='ocr_line' id='line_1_90' title="bbox 1078 3218 1478 3267; baseline 0.003 -2"><span class='ocrx_word' id='word_1_348' title='bbox 1078 3218 1137 3267; x_wconf 88' lang='lat' dir='ltr'>de</span> <span class='ocrx_word' id='word_1_349' title='bbox 1157 3225 1280 3267; x_wconf 83' lang='lat' dir='ltr'>cette</span> <span class='ocrx_word' id='word_1_350' title='bbox 1303 3219 1478 3267; x_wconf 57' lang='lat' dir='ltr'>socie&amp;</span> 
     </span>
    </p>

    <p class='ocr_par' dir='ltr' id='par_1_90' title="bbox 1077 3281 2139 3411">
     <span class='ocr_line' id='line_1_91' title="bbox 1077 3281 2139 3401; baseline -0.001 -68"><span class='ocrx_word' id='word_1_351' title='bbox 1077 3285 1317 3401; x_wconf 50' lang='lat' dir='ltr'>guipavgigz</span> <span class='ocrx_word' id='word_1_352' title='bbox 1339 3284 1537 3399; x_wconf 59' lang='lat' dir='ltr'>ager-me</span> <span class='ocrx_word' id='word_1_353' title='bbox 1571 3281 2139 3346; x_wconf 75' lang='lat' dir='ltr'>les-fonderies-de-poix</span> 
     </span>
     <span class='ocr_line' id='line_1_92' title="bbox 1110 3365 1510 3411; baseline -0.003 -11"><span class='ocrx_word' id='word_1_354' title='bbox 1110 3366 1138 3400; x_wconf 93' lang='lat' dir='ltr'>e</span> <span class='ocrx_word' id='word_1_355' title='bbox 1199 3385 1212 3396; x_wconf 90' lang='lat'><strong>.</strong></span> <span class='ocrx_word' id='word_1_356' title='bbox 1311 3366 1368 3398; x_wconf 88' lang='lat' dir='ltr'>rn</span> <span class='ocrx_word' id='word_1_357' title='bbox 1416 3365 1510 3411; x_wconf 76' lang='lat' dir='ltr'>xus,</span> 
     </span>
    </p>

    <p class='ocr_par' dir='ltr' id='par_1_91' title="bbox 1077 3416 1710 3474">
     <span class='ocr_line' id='line_1_93' title="bbox 1077 3416 1710 3474; baseline -0.003 -8"><span class='ocrx_word' id='word_1_358' title='bbox 1077 3417 1135 3466; x_wconf 87' lang='lat' dir='ltr'>L.</span> <span class='ocrx_word' id='word_1_359' title='bbox 1162 3416 1429 3465; x_wconf 82' lang='lat' dir='ltr'>Mummius</span> <span class='ocrx_word' id='word_1_360' title='bbox 1458 3430 1710 3474; x_wconf 69' lang='lat' dir='ltr'>censent-⁸3</span> 
     </span>
    </p>

    <p class='ocr_par' dir='ltr' id='par_1_92' title="bbox 1078 3482 1623 3533">
     <span class='ocr_line' id='line_1_94' title="bbox 1078 3482 1623 3533; baseline 0 0"><span class='ocrx_word' id='word_1_361' title='bbox 1078 3483 1125 3533; x_wconf 86' lang='lat' dir='ltr'>le</span> <span class='ocrx_word' id='word_1_362' title='bbox 1139 3486 1276 3532; x_wconf 72' lang='lat' dir='ltr'>senat</span> <span class='ocrx_word' id='word_1_363' title='bbox 1296 3484 1431 3532; x_wconf 81' lang='lat' dir='ltr'>avoir</span> <span class='ocrx_word' id='word_1_364' title='bbox 1455 3482 1623 3533; x_wconf 61' lang='lat' dir='ltr'>decide</span> 
     </span>
    </p>
   </div>
  </div>
 </body>
</html>
