2592 4084
274 466 341 516 L.
363 466 529 515 Sulla
552 466 852 527 imperatori.

272 533 338 582 P.
361 534 584 596 Magius,
610 532 801 596 college
820 533 945 595 ejus,

269 607 454 649 tumen

271 668 462 730 paullo
487 665 743 730 copiosior.

270 732 381 781 Sed
405 734 637 781 omnium
663 742 930 793 oratorum,

267 801 385 848 nive
413 799 726 857 tabularum,

269 867 369 927 qui
397 867 659 915 fueruntet
675 865 1031 930 plsneiudocti‚

268 940 370 980 tut
389 933 648 990 inurbani,

270 1005 368 1045 aut
392 1001 548 1046 etiam
573 1000 761 1063 rustici,

267 1079 403 1126 quoe
426 1080 525 1127 ego
546 1066 737 1126 quidem
804 1099 815 1111 .

267 1132 615 1196 cognoverim,

260 1196 447 1259 judico

267 1263 338 1323 Q.
354 1264 632 1313 Sertorium
647 1268 803 1316 nostri
818 1269 1026 1332 ordinis,

270 1329 334 1377 C.
359 1330 677 1392 Gorgonium
702 1338 955 1397 equestris,

266 1398 634 1446 solutissimum
670 1401 723 1448 in
758 1402 962 1451 dicendo

266 1471 324 1508 et
344 1465 709 1513 acutissimum.

269 1526 391 1576 Fuit
415 1531 565 1578 etiam
585 1532 746 1580 facilis

264 1603 322 1641 et
334 1597 596 1658 expeditus
620 1598 682 1645 sd
701 1599 972 1665 dicendum,

267 1668 323 1707 et
344 1664 511 1711 multo
531 1664 785 1726 splendore
820 1669 952 1727 vitae,

267 1734 322 1773 et
335 1729 543 1790 ingenio
567 1744 682 1777 sene
697 1733 953 1796 probabili,

264 1790 335 1840 T·
360 1794 567 1852 Junius,
599 1795 656 1844 F.
683 1797 762 1854 L..

265 1859 567 1908 tribunitius
582 1898 594 1920 ,

265 1938 374 1986 quo
410 1934 687 1987 accusante,

265 1990 333 2039 P.
370 1991 586 2051 Sextius,

265 2069 459 2118 praetor
488 2058 784 2122 designatus,

268 2122 540 2171 damnatus
558 2131 629 2172 est
648 2128 858 2178 ambitus
884 2148 898 2178 ε

264 2189 314 2234 is
351 2191 665 2250 processisset
697 2194 893 2260 longius

265 2253 566 2317 honoribus,

267 2321 369 2369 nisi
399 2323 571 2371 suisset
592 2340 780 2389 semper

267 2388 549 2439 valetudine
582 2391 804 2455 infirme,

266 2462 416 2515 atque
449 2459 597 2505 etiam
632 2473 782 2523 agra.

337 2522 516 2571 XLIX.
554 2525 716 2588 Atque
749 2542 840 2592 ego

270 2586 501 2651 intelligo
522 2593 753 2653 praeclare

271 2666 350 2700 me
385 2671 571 2705 versari

271 2718 325 2766 iu
352 2726 815 2776 commemoratione
848 2743 1015 2780 eorum

270 2787 358 2848 qui
382 2804 474 2836 nec
492 2788 647 2839 habiti
669 2802 802 2853 sunt,

271 2865 361 2898 nec
385 2855 571 2905 fuerint
604 2864 836 2917 oratores,

271 2918 558 2983 aliquotque
580 2937 641 2971 ex
668 2927 909 2974 veteribus

273 2997 512 3045 praeteriri
547 3003 577 3036 a
607 3005 711 3049 me,

273 3048 450 3112 dignos
473 3059 942 3116 commemoratione,

274 3121 554 3174 autlando:

276 3179 356 3230 s'ed
366 3186 460 3233 hoc
467 3189 660 3248 quidem
673 3191 980 3255 ignoratione
991 3210 1003 3242 z

273 3251 391 3309 quid
413 3255 541 3302 enim
563 3264 632 3304 est

275 3319 431 3364 aetatis
452 3321 712 3383 superioris

276 3383 406 3440 quod
433 3389 584 3446 possit
604 3389 752 3436 scribi
776 3388 836 3437 de
857 3390 941 3451 iis,

280 3445 340 3491 de
371 3452 543 3509 quibus
574 3454 843 3517 loquuntur

278 3512 417 3563 nulls
435 3530 764 3581 monuments,

551 3633 766 3677 miurus

1085 345 1356 393 BRUTUS.
2046 342 2153 396 193

1088 463 1148 511 L.
1172 462 1310 525 Sylla
1342 465 1558 527 general.

1088 529 1149 578 P.
1175 529 1387 593 Magius,
1423 532 1639 596 collegae
1662 531 1719 581 de
1743 533 1836 596 lui,

1086 598 1195 644 &tait
1217 597 1487 659 cependant

1089 677 1283 724 un-peu
1312 664 1718 725 plus-abondant-

1087 728 1215 777 Mais
1241 730 1301 777 de
1325 738 1431 777 tous
1450 731 1521 780 les
1547 743 1784 790 orateurs,

1087 809 1152 843 ou
1169 795 1250 843 des
1272 798 1785 859 avocata-criailleurs,

1087 862 1171 923 qui
1194 862 1357 909 furent
1373 873 1421 911 et
1445 866 1723 913 tout-e-fait
1742 866 2015 933 ignorante,

1085 942 1149 975 ou
1173 931 1555 990 sans-politesse‚

1084 1008 1147 1041 ou
1173 1000 1330 1042 meme
1357 998 1611 1060 grossiers,

1081 1074 1173 1122 que
1202 1062 1268 1109 du
1285 1063 1446 1111 moins

1071 1126 1191 1187 j’aie
1211 1143 1420 1187 connus,

1077 1192 1127 1254 je
1147 1193 1433 1245 suis-d’svis

1080 1258 1141 1319 Q.
1179 1261 1419 1311 Sertorius
1442 1262 1500 1311 de
1521 1270 1660 1311 notre
1681 1264 1841 1321 ordre,

1077 1325 1134 1374 C.
1163 1325 1445 1389 Gorgonius
1472 1333 1523 1377 ae
1547 1331 1717 1377 l'ordro
1732 1336 1974 1396 equestre,

1078 1396 1202 1441 avoir
1223 1394 1293 1442 οέὀ
1319 1396 1364 1443 le
1387 1397 1498 1458 plus
1519 1396 1663 1445 facile
1684 1412 1744 1444 eu
1764 1400 1959 1460 perlant

1079 1467 1127 1505 et
1152 1459 1195 1507 le
1218 1461 1330 1523 plus
1354 1465 1624 1522 penetrant.

1077 1523 1117 1572 Il
1145 1525 1220 1574 fut
1238 1528 1368 1575 aussi
1394 1528 2002 1592 d’une-elocution-fucile,

1077 1599 1125 1703 {t
1143 1595 1596 1722 {fsffgtmffiz
1621 1662 1680 1709 ὼ,

1080 1729 1128 1769 et
1146 1724 1263 1772 d’un
1282 1726 1439 1774 talent
1459 1738 1612 1776 certes
1631 1730 1898 1787 estimsble,

1076 1788 1135 1837 T.
1160 1790 1361 1851 Junius,
1387 1792 1468 1841 fils
1495 1795 1555 1843 de
1576 1795 1774 1855 Lucius,

1076 1858 1458 1920 ancien-tribua,

1073 1921 1230 1984 lequel
1253 1927 1707 1985 etant-accusemur,

1074 1986 1130 2034 P.
1156 1988 1365 2051 Sextius,

1072 2056 1263 2116 preteur
1290 2058 1506 2121 designe‚

1072 2119 1151 2168 fut
1165 2121 1432 2173 condamne
1453 2142 1577 2189 pour
1599 2128 2044 2194 crime-de—brigue
2064 2153 2082 2179 ·.

1076 2187 1111 2234 il
1130 2190 1291 2237 sursit
1312 2195 1386 2239 ete
1406 2192 1517 2254 plus
1534 2194 1633 2242 loin

1076 2254 1616 2308 dans—ls·csrriere-des
1639 2260 1901 2320 honneurs,

1075 2319 1155 2368 s’il
1176 2322 1360 2371 n’svait
1380 2326 1454 2372 ete
1482 2326 1705 2388 toujours

1078 2387 1222 2435 d‘une
1244 2392 1380 2437 sante
1403 2391 1566 2447 faible,

1024 2513 1029 2518 ·
1073 2461 1120 2500 et
1144 2457 1299 2501 meme
1330 2456 1587 2507 maladive.

1137 2518 1316 2569 XLIX.
1356 2524 1420 2572 Et
1452 2524 1552 2573 moi

1068 2583 1119 2647 Je
1139 2601 1249 2634 sens
1274 2589 1513 2639 tres-bien

1070 2653 1171 2700 moi
1189 2653 1388 2703 insistet

1068 2732 1155 2766 sur
1178 2719 1230 2767 la
1245 2723 1465 2770 mention
1491 2720 1762 2774 d’hommes

1068 2786 1154 2846 qui
1183 2787 1236 2833 ni
1261 2788 1402 2836 n’ont
1424 2792 1734 2852 passe-pour,

1067 2851 1119 2899 ni
1142 2858 1282 2900 n'ont
1300 2856 1373 2902 ete
1393 2864 1628 2913 oretenus,

1066 2926 1113 2969 et
1133 2921 1490 2982 quelques-uns
1515 2922 1603 2971 des
1626 2922 1823 2971 enciens

1063 2989 1351 3051 &tre-passes
1373 3003 1485 3038 sous
1503 2989 1681 3038 silence
1700 3004 1788 3052 par
1806 2991 1921 3050 moi,

1066 3054 1239 3119 dignes
1260 3057 1321 3105 de
1337 3059 1521 3122 appel,

1062 3136 1128 3168 ou
1152 3123 1371 3187 d'elog03

1061 3189 1186 3236 mais
1207 3192 1315 3238 cela
1333 3191 1399 3237 du
1425 3191 1586 3239 moins
1609 3204 1697 3255 par
1715 3189 2004 3253 ignorans&

1059 3268 1143 3302 car
1163 3256 1280 3317 qu'y
1303 3258 1453 3305 aot-il

1061 3319 1183 3368 dans
1204 3322 1332 3385 l'age
1351 3324 1605 3386 precedent

1060 3387 1145 3447 qui
1167 3390 1330 3449 puisse
1353 3394 1453 3437 etre
1471 3391 1593 3438 ecrit
1619 3405 1706 3439 sur
1733 3406 1857 3441 ceux

1061 3451 1181 3500 dont
1198 3456 1391 3515 parlent

1062 3532 1248 3568 aucuns
1265 3528 1579 3571 monuments

1777 3624 1840 3677 13
