2592 4084
1112 321 1367 368 Bnurus.
2059 307 2173 367 257

313 436 534 504 inquam,
558 441 708 489 Brute
729 455 742 485 ε
1123 438 1284 501 dis-je,
1306 440 1489 487 Brutus
1516 456 1531 487 ε

319 524 415 556 non
441 505 716 555 existimavi
1116 510 1167 568 je
1195 506 1294 553 n’ai
1316 521 1402 569 pas
1424 521 1512 554 cru

317 589 397 621 me
416 582 677 619 venturum
698 582 799 618 esse
1123 571 1222 618 moi
1246 571 1623 620 devoir-arriver
1699 600 1704 609 e

319 641 371 688 in
396 640 492 687 hoc
517 651 736 684 sermone
1076 689 1081 693 ,
1125 637 1246 682 dans
1265 645 1341 683 cet
1363 638 1594 685 entretien

318 720 473 767 usque
500 704 565 750 ad
588 704 713 750 hanc
732 708 958 760 aetatem3
1117 702 1319 764 jusqu’a
1338 717 1392 749 ce
1413 703 1579 761 siecle3

319 771 404 818 sed
426 769 546 819 ordo
565 777 764 817 aetatum
1124 767 1248 816 mais
1277 769 1326 815 la
1345 769 1471 816 suite
1495 769 1577 817 des
1600 775 1754 831 temps

318 837 477 885 traxit
498 836 764 884 orationem
1123 849 1154 880 a
1182 836 1402 884 entratne
1423 850 1531 881 mon
1554 835 1771 883 discours

317 904 392 964 ita
414 912 470 950 ut
500 900 795 964 pervenerim
825 900 930 961 jam
1121 901 1405 963 a-tel-point
1422 916 1514 962 que
1534 902 1583 963 je
1605 902 1707 949 suis
1730 901 1889 949 arrive
1906 898 2017 962 deja

319 968 470 1017 etiam
504 968 567 1015 ad
592 968 820 1014 minores.
1122 969 1276 1013 meme
1294 969 1529 1029 aux·plus
1550 968 1739 1028 jeunes.

320 1063 382 1075 -
412 1034 669 1096 Interpone
685 1032 855 1095 igitur,
878 1030 1057 1092 inquit,
1122 1060 1189 1072 —
1203 1031 1441 1080 Intercale
1463 1032 1605 1089 donc,
1631 1031 1791 1089 dit-il,

317 1101 368 1149 si
390 1100 606 1156 videtur,
640 1098 861 1160 aliquan
1124 1098 1201 1146 s’il
1226 1104 1272 1145 te
1294 1099 1595 1161 parsit-bon,
1622 1099 2002 1161 quelques-uns;

322 1166 495 1213 deinde
520 1164 771 1213 redeamus
794 1163 859 1211 ad
884 1168 949 1224 te,
1123 1163 1308 1211 ensuite
1329 1180 1566 1213 revenons
1594 1167 1625 1212 a
1645 1165 1733 1224 toi,

323 1238 372 1279 et
391 1231 457 1279 ad
471 1231 798 1279 Hortensium.
1125 1238 1171 1278 et
1201 1233 1230 1277 a
1250 1230 1559 1278 Hortensius.

324 1322 390 1334 —-
413 1298 519 1346 Imo
543 1312 672 1356 vero,
697 1295 918 1359 inquam,
1125 1322 1192 1332 —
1214 1296 1341 1353 Non,
1369 1298 1509 1349 mais.
1536 1297 1714 1358 dis-je,

322 1363 385 1410 ad
408 1363 721 1412 Hortensium
740 1379 753 1419 ς
1127 1363 1397 1422 (revenons)
1419 1364 1449 1408 a
1469 1362 1789 1419 Hortensius3

324 1430 411 1477 alii
433 1429 596 1477 dicent
624 1429 684 1476 de
702 1441 798 1487 me,
1129 1428 1341 1475 d'autres
1357 1428 1603 1488 parleront
1619 1430 1678 1476 de
1696 1429 1816 1488 moi,

324 1495 365 1543 si
387 1497 468 1557 qui
488 1497 667 1543 volent.
1128 1495 1168 1541 si
1196 1494 1542 1554 quelques-uns
1578 1500 1616 1541 le
1637 1493 1896 1542 voudront.

323 1587 388 1598 -
406 1562 610 1609 Minime
634 1574 769 1615 vero,
795 1560 960 1622 inquit
982 1575 996 1606 ε
1128 1585 1190 1594 -
1222 1560 1554 1608 Pas-du-tout
1575 1562 1829 1616 en·verite‚
1863 1558 1997 1610 dit-il
2032 1577 2046 1610 t

324 1642 440 1675 nam
463 1628 554 1676 etsi
586 1627 786 1676 tenuisti
1128 1639 1211 1671 car
1234 1625 1464 1687 bien-que
1487 1634 1543 1674 tu
1566 1626 1667 1675 aies
1685 1628 1872 1690 captive

326 1693 469 1741 facile
490 1708 569 1740 me
1130 1692 1367 1738 aisement
1388 1692 1486 1739 moi

323 1761 459 1806 omni
483 1769 569 1806 tuo
591 1773 826 1819 sermone,
1126 1770 1215 1819 par
1238 1764 1347 1805 tout
1366 1765 1451 1804 ton
1478 1757 1712 1819 discours,

326 1834 486 1873 tamen
516 1827 557 1872 is
582 1825 773 1873 videtur
1126 1824 1355 1871 toutefois
1379 1825 1417 1872 il
1442 1828 1603 1887 parsit

325 1893 524 1953 longior
548 1892 689 1947 mihi,
1125 1890 1380 1952 trop—long
1404 1893 1432 1937 ὲ
1454 1891 1573 1946 moi,

327 1957 457 2019 quod
482 1970 683 2019 propero
1126 1969 1266 2016 parce
1285 1971 1375 2017 que
1394 1957 1482 2018 j'ai
1503 1958 1616 2005 hate

326 2022 498 2088 audire
518 2023 575 2069 do
597 2030 666 2077 te3
1128 2020 1588 2084 &ementire-parler
1611 2023 1667 2071 de
1690 2022 1788 2089 toig

328 2103 418 2134 nec
436 2102 545 2134 vero
563 2095 664 2134 tam
1124 2087 1246 2134 mais
1269 2103 1366 2135 non
1383 2103 1466 2150 pas
1485 2097 1594 2137 tant

330 2153 388 2201 de
411 2153 509 2200 tuis
528 2153 793 2200 virtutibus
819 2150 1030 2211 dicendi,
1127 2153 1186 2200 de
1214 2162 1284 2201 tes
1304 2156 1507 2216 qualites
1525 2156 1778 2214 oratoires‚

328 2234 440 2281 quae
462 2227 578 2267 sunt
608 2218 869 2268 notissima
1129 2218 1211 2281 qui
1236 2231 1346 2269 sont
1367 2223 1693 2270 tres-eonnues

325 2300 479 2347 quum
503 2286 749 2343 omnibus,
884 2338 886 2340 v
1128 2287 1524 2334 non-seulement
1544 2288 1601 2334 de
1622 2296 1751 2344 tous,

327 2359 432 2400 tum
464 2362 593 2399 certe
611 2350 756 2410 mihi,
1130 2352 1455 2400 mais-encore
1473 2361 1623 2400 certes
1646 2352 1704 2401 de
1724 2351 1839 2412 moi,

328 2432 475 2481 quam
511 2417 642 2479 quod
667 2416 836 2466 studeo
1131 2432 1225 2479 que
1247 2431 1391 2480 parce
1410 2433 1502 2481 que
1516 2419 1569 2482 je
1592 2419 1748 2468 desire

327 2498 618 2547 cognoscere
1130 2488 1383 2531 connaitre

327 2556 436 2598 tuos
457 2549 641 2613 gradus
1129 2548 1423 2597 la-suite-de
1447 2556 1518 2597 tes
1537 2565 1622 2612 pas

328 2627 376 2664 et
390 2615 527 2678 quasi
549 2628 797 2677 processus
820 2612 1033 2663 dicendi.
1129 2625 1176 2663 et
1195 2625 1478 2664 commetes
1496 2617 1698 2681 progres
1721 2613 1973 2664 oratoires.

328 2682 502 2729 —Mos
518 2682 609 2730 tibi
622 2686 832 2744 geretur,
846 2683 1065 2745 inquam3
1129 2708 1196 2719 -—
1223 2681 1535 2731 Satisfaction
1563 2689 1611 2730 te
1636 2697 1744 2730 sera
1767 2681 1974 2744 donnes,
1998 2677 2147 2742 dis-je
2167 2682 2200 2737 ς’

330 2749 557 2810 quoniam
583 2749 656 2795 vis
681 2760 760 2795 me
777 2761 880 2795 esse
1128 2749 1332 2811 puisque
1367 2755 1419 2796 tu
1442 2763 1570 2796 veux
1593 2749 1695 2797 moi
1718 2752 1817 2796 etre

329 2828 427 2861 non
453 2813 820 2875 praedicatorem
1129 2830 1229 2862 non
1257 2816 1568 2877 panegyriste

328 2878 425 2927 mei
445 2880 647 2942 ingenii,
1129 2879 1187 2927 de
1206 2896 1320 2929 mon
1345 2881 1515 2938 tulent,

328 2944 414 2993 sed
441 2945 640 2992 laboris.
1129 2947 1253 2994 mais
1273 2947 1329 2994 de
1343 2962 1449 2994 mon
1471 2947 1663 2994 travail.

328 3010 512 3059 'Verum
533 3011 838 3073 interponam
861 3008 1001 3067 alios,
1129 3013 1253 3060 Mais
1267 3013 1613 3075 j'intercalerai
1639 3012 1851 3061 d’autres
1871 3007 2129 3073 (orateurs)

328 3085 385 3124 ut
405 3079 580 3139 placet,
1127 3094 1315 3126 comme
1342 3080 1378 3126 it
1400 3088 1441 3126 ιο
1469 3080 1607 3142 plait,

328 3151 376 3190 et
394 3143 625 3205 exordiar,
644 3157 674 3190 a
690 3142 758 3190 M.
794 3142 990 3203 Crasso,
1130 3152 1178 3192 et
1206 3146 1256 3205 je
1279 3144 1630 3194 commencerai
1653 3159 1740 3206 par
1763 3143 1833 3191 M.
1860 3142 2080 3198 Cressae,

330 3210 411 3270 qui
446 3210 541 3256 fuit
562 3208 768 3271 aequalis
799 3209 1066 3258 Hortensii.
1130 3211 1216 3273 qui
1240 3211 1316 3258 fut
1339 3211 1701 3273 contemporain
1725 3209 2083 3258 d‘Hortensius.

331 3274 508 3322 LXVI.
532 3275 578 3323 Is
598 3275 752 3337 igitur
769 3276 1036 3323 instructus
1196 3276 1373 3325 LXVI.
1401 3276 1536 3325 Celui
1558 3277 1683 3324 donc
1707 3275 1815 3324 dote

334 3340 640 3389 mediocriter
666 3356 697 3389 a
715 3342 953 3399 doctrina,
1130 3342 1507 3391 mediocrement
1524 3342 1812 3391 du-cote-de
1837 3342 1889 3391 la
1910 3340 2114 3396 sciense,

333 3408 590 3468 angustius
610 3407 758 3456 etiam
1129 3408 1573 3470 plus-pauvrement
1592 3423 1765 3457 encore

335 3485 366 3519 a
385 3479 577 3532 natura,
1132 3474 1418 3523 du-cote-de
1443 3476 1493 3523 la
1512 3483 1700 3536 nature,

616 3591 834 3633 saurus
1841 3575 1901 3626 17
