2592 4084
473 439 594 493 268
1268 448 1534 493 BRUTUS.

468 564 796 623 adolescens
820 568 903 619 est
921 568 1171 618 mortuus
1194 581 1208 618 :
1235 562 1283 618 is
1307 569 1491 619 tamen
1512 563 1581 619 ad
1600 562 1896 619 dicendum
1922 564 2184 620 veniebat
2207 582 2335 622 ma-

469 655 560 727 gis
583 655 867 726 audacter,
893 670 1061 728 quarn
1075 660 1288 725 parate.
1318 659 1385 711 Et
1406 658 1471 713 C.
1490 655 1766 727 Stalenus,
1792 657 1888 730 qui
1914 674 1972 713 se
1998 657 2119 730 ipse
2150 660 2334 732 adop-

466 755 705 820 taverat,
751 755 807 804 et
847 748 915 804 de
960 747 1183 803 Staieno
1223 748 1430 803 AElium
1465 749 1688 818 fecerat,
1721 750 1934 806 fervido
1972 752 2241 824 quodam,
2276 760 2335 810 et

470 843 764 916 petulanti,
791 848 848 898 et
877 842 1083 897 furioso
1112 857 1322 913 genere
1345 841 1561 898 dicendi
1596 861 1610 899 τ
1640 845 1785 915 quod
1815 845 1946 917 quia
1973 845 2166 901 multis
2209 863 2336 918 gra·

470 943 593 995 tum
618 943 737 994 erat
758 944 815 993 et
831 936 1181 1008 probabatur,
1195 934 1575 994 adscendisset
1591 939 1659 993 ad
1687 938 1947 1008 honoreS,
1961 940 2068 994 nisi
2096 941 2157 995 in
2184 941 2331 996 faci-

470 1048 610 1089 nore
652 1031 945 1087 manifesto
985 1027 1389 1100 deprehensus,
1420 1045 1607 1101 poenas
1643 1029 1862 1101 legibus
1892 1037 1948 1086 et
1978 1032 2195 1101 judicio
2238 1031 2334 1087 de·

472 1127 668 1184 disset.

543 1221 720 1274 LXIX.
761 1216 968 1272 Eodem
1001 1220 1246 1285 tempore
1287 1214 1350 1268 C.
1399 1218 1455 1269 et
1484 1216 1545 1269 L.
1575 1213 1804 1285 Caepasii
1842 1215 2043 1271 fratres
2080 1217 2329 1281 fuerunt,

469 1311 572 1385 qui
594 1310 769 1366 multa
787 1322 976 1380 opera,
994 1305 1173 1377 ignoti
1197 1304 1453 1362 homines
1475 1311 1531 1362 et
1551 1306 1844 1378 repentini,
1859 1314 2165 1380 quaestores
2191 1309 2336 1364 cele·

468 1403 608 1459 riter
623 1401 753 1456 facti
773 1406 902 1456 sunt
919 1398 1190 1471 oppidano
1213 1397 1455 1470 quodam
1483 1402 1540 1452 et
1557 1396 1837 1453 incondito
1855 1414 2063 1470 genere
2083 1399 2330 1454 dicendi.

471 1492 755 1548 Addamus
772 1491 882 1546 huc
903 1489 1092 1559 etiam,
1115 1504 1184 1543 ne
1208 1504 1376 1560 quem
1396 1487 1644 1543 vocalem
1657 1488 1989 1558 praeteriisse
2016 1488 2331 1560 videamur,

472 1588 540 1644 C.
569 1584 900 1643 Cosconium
937 1583 1310 1651 Calidianum,
1338 1582 1432 1653 qui
1469 1581 1623 1636 nullo
1655 1581 1933 1652 acumine,
1965 1586 2104 1638 ‘eam
2144 1590 2335 1640 tamen

474 1679 771 1737 verborum
807 1676 1038 1748 copiam,
1067 1676 1114 1730 si
1145 1691 1313 1746 quam
1350 1673 1603 1742 habebat,
1633 1674 1915 1747 praebebat
1952 1675 2159 1748 populo
2205 1693 2334 1733 cum

473 1770 652 1828 multa
675 1770 1087 1827 concursatione
1113 1783 1426 1839 magnoque
1454 1767 1713 1824 clamore.
1742 1768 1894 1834 Quod
1924 1768 2073 1823 idem
2093 1770 2337 1826 faciebat

472 1866 542 1933 Q.
570 1864 783 1931 Arrius,
814 1862 909 1935 qui
934 1861 1039 1916 fuit
1064 1863 1139 1917 M.
1179 1859 1362 1915 Crassi
1390 1859 1548 1931 quasi
1572 1860 1965 1915 secundarum.
1987 1863 2040 1915 Is
2068 1863 2334 1918 omnibus

471 1954 727 2025 exemplo
756 1952 920 2008 debet
946 1968 1086 2021 esse,
1117 1958 1384 2023 quantum
1409 1950 1464 2004 in
1491 1950 1596 2006 hac
1620 1951 1754 2006 urbe
1782 1950 1989 2022 polleat
2024 1951 2335 2009 multorum

468 2047 700 2106 obedire
722 2045 980 2117 tempori,
1012 2044 1425 2114 multorumque
1450 2043 1541 2100 vel
1574 2043 1790 2115 honori,
1813 2043 1904 2101 vel
1925 2044 2175 2115 periculo
2208 2063 2335 2102 ser-

467 2269 532 2318 de
552 2269 680 2333 l'dge
701 2281 716 2328 ;
737 2268 775 2316 il
796 2267 1040 2330 appot-tait
1062 2267 1091 2313 6
1104 2281 1178 2313 666
1204 2264 1480 2329 plaidoyers
1497 2265 1606 2328 plus
1624 2263 1938 2312 d'assurance
1963 2280 2055 2327 que
2076 2265 2137 2314 do
2154 2269 2335 2330 prepa-

454 2329 652 2406 .ration.
680 2355 924 2419 Ajoutons
959 2370 1130 2402 encore
1152 2355 1208 2403 C.
1236 2354 1481 2402 Staienus.
1520 2355 1604 2415 qni
1634 2354 1795 2401 s'etait
1827 2354 1998 2416 adepte
2042 2353 2330 2416 lui-memo,

467 2455 521 2494 et
542 2447 601 2494 de
621 2445 845 2494 Stalenus
875 2445 1034 2492 s'etait
1071 2444 1162 2491 fait
1182 2429 1356 2499 filium
1403 2443 1442 2490 il
1469 2444 1599 2490 avait
1637 2457 1732 2490 unc
1752 2443 2013 2504 eloquence
2038 2444 2326 2509 thuanense,

464 2535 726 2596 emportec,
756 2532 1015 2580 furibonde
1036 2550 1050 2589 ς
1089 2543 1136 2578 et
1159 2546 1348 2579 comme
1373 2547 1427 2578 66
1443 2545 1592 2592 genre
1610 2531 1822 2578 trouvait
1855 2531 1915 2577 de
1938 2526 2215 2603 nombrggiit
2240 2549 2336 2597 ap·

467 2620 773 2682 probateurs,
798 2620 836 2668 il
861 2621 1007 2668 serait
1021 2633 1233 2681 parvenu
1256 2633 1357 2664 aux
1386 2618 1611 2679 dignite's‚
1644 2619 1723 2666 s’il
1746 2619 1881 2666 n'eflt
1901 2620 1974 2666 ete
1996 2622 2189 2681 surprjs
2210 2621 2333 2671 dans

466 2722 537 2755 un
559 2708 709 2755 crime
735 2706 1002 2767 manifeste,
1036 2713 1085 2753 et
1105 2706 1223 2768 puni
1240 2720 1327 2768 par
1351 2706 1400 2752 16
1425 2705 1606 2768 justice
1628 2716 1675 2754 et
1705 2707 1774 2755 les
1797 2708 1908 2755 lois.

531 2794 710 2842 LXIX.
733 2793 867 2841 Dans
886 2793 932 2841 16
951 2797 1105 2840 meme
1133 2801 1288 2854 temps
1314 2801 1545 2854 parui-ent
1565 2796 1634 2842 les
1660 2795 1788 2842 deux
1813 2796 1961 2843 freres
1994 2795 2050 2843 C.
2077 2807 2124 2843 et
2155 2797 2213 2844 L.
2233 2798 2331 2846 Ce-

467 2884 649 2946 966166,
679 2890 874 2929 avocate
896 2881 1232 2943 infatigables,
1247 2880 1372 2928 dont
1395 2896 1489 2927 une
1511 2884 1731 2944 rustique
1744 2892 1791 2930 et
1809 2883 2048 2946 grossicre
2063 2884 2331 2946 eloquence

464 2980 609 3034 porta
631 2969 930 3031 rapidement
955 2975 987 3015 6
1021 2968 1071 3015 16
1100 2976 1327 3029 questui-e
1369 2969 1417 3017 16
1444 2962 1714 3019 nouveaute
1742 2986 1856 3019 sans
1896 2973 2055 3036 gleire
2078 2979 2127 3020 et
2155 2976 2204 3022 16
2234 2975 2333 3024 sor·

463 3066 584 3107 tuno
625 3056 878 3106 soudaine.
904 3055 1150 3118 Joignons
1183 3055 1264 3116 ici,
1299 3068 1423 3118 pour
1447 3058 1686 3106 n'oublier
1713 3073 1902 3107 aucune
1924 3060 2041 3107 voix
2078 3062 2322 3124 parlante,

460 3145 520 3196 C.
544 3143 810 3194 Cosconius
838 3142 1139 3199 Calidium,
1169 3144 1269 3206 qui,
1299 3159 1412 3193 sans
1453 3148 1498 3193 16
1532 3148 1755 3196 moindre
1797 3150 1953 3198 talant
1993 3149 2325 3215 d'invention,

456 3234 633 3284 ‹Stalait
654 3233 837 3281 devant
875 3232 923 3281 16
943 3233 1113 3295 peuple
1140 3248 1194 3281 66
1225 3235 1349 3296 qu’il
1372 3237 1503 3284 avait
1534 3236 1592 3284 de
1627 3236 1849 3297 facondc,
1874 3246 1922 3287 et
1956 3240 2232 3289 recueillait
2258 3243 2330 3291 les

461 3324 702 3387 bruyants
720 3322 1184 3386 applaudissements
1203 3324 1315 3371 d'un
1346 3327 1587 3374 auditoire
1618 3327 1868 3376 immense.
1895 3329 1973 3380 On
1999 3346 2059 3377 en
2079 3340 2197 3393 peut
2222 3333 2329 3382 diro

458 3423 636 3464 autaut
682 3418 741 3464 (16
774 3415 836 3477 Q.
874 3416 1066 3478 Arrius,
1104 3417 1190 3478 qui
1231 3416 1308 3464 fut
1341 3432 1528 3465 comme
1570 3416 1863 3468 l’auxiliaire
1887 3427 1934 3467 et
1977 3420 2022 3467 16
2044 3421 2229 3468 second
2268 3423 2329 3472 (16

457 3501 532 3550 Μ.
557 3505 779 3553 Crassus.
812 3505 899 3554 Cet
935 3505 1129 3552 homme
1159 3513 1231 3553 est
1265 3521 1332 3551 un
1359 3505 1576 3567 exemplo
1610 3508 1950 3569 remarquable
1979 3507 2039 3554 de
2083 3522 2138 3555 66
2172 3510 2325 3570 qu'on

458 3597 575 3648 peut
596 3592 714 3639 faire
740 3594 859 3641 dans
883 3594 1049 3647 Rome.
1079 3610 1137 3641 cn
1161 3594 1454 3657 prodignant
1477 3596 1507 3641 6
1529 3595 1774 3658 beaucoup
1810 3611 1884 3643 666
1907 3597 2039 3643 soins
2065 3597 2321 3658 officieux,
