2592 4084
303 495 361 536 ut
394 490 513 536 velit
533 495 701 536 natum

303 557 539 617 proximis
562 555 863 613 consulibus,

302 637 394 670 nec
426 637 604 669 rursus,
621 622 693 669 ita
716 629 891 682 vetem,

303 697 360 734 ut
384 694 573 749 quaerat
593 689 838 736 consulem

299 753 555 817 Opimium
582 763 667 800 aut
688 756 936 802 Anicium.

301 822 457 883 Atqui
478 836 547 869 eae
567 830 698 868 notoe

302 896 421 934 sunt
440 889 652 950 optimae.

303 952 484 1018 Credo;
511 953 593 1000 sed
614 959 826 1000 vetustas
850 951 1006 999 nimia

300 1034 392 1066 nec
417 1020 563 1070 habet
590 1034 695 1067 eam
730 1018 1035 1075 suavitatem,

303 1100 451 1147 quam
476 1087 757 1148 quaerimus,

301 1165 393 1199 nec
408 1162 480 1199 est
494 1154 596 1214 jam
618 1165 734 1200 sane
748 1150 1035 1199 tolerabilis.

301 1216 436 1265 Num
456 1219 611 1281 igitur
625 1218 710 1280 qui
729 1218 914 1266 sentiat.
922 1218 1033 1277 hoc,

302 1285 345 1330 si
372 1285 415 1332 is
443 1285 560 1333 velit
580 1291 768 1348 potare,

299 1359 436 1412 putet
457 1351 782 1399 hauriendum
808 1348 902 1397 sibi

301 1415 362 1463 de
388 1417 552 1466 dolio?

299 1483 527 1546 Minime3

300 1548 383 1596 sed
406 1558 636 1612 sequatur

297 1624 490 1665 aetatem
512 1618 791 1680 quamdam.

300 1681 379 1730 Sic
404 1697 496 1744 ego
515 1685 785 1732 censuerim

297 1757 352 1794 et
369 1749 515 1796 istam
538 1751 807 1798 orationem
834 1762 1029 1808 novam,

297 1812 555 1873 fervidam,

298 1881 441 1941 quasi
465 1882 523 1927 de
543 1888 704 1929 musto
725 1895 783 1928 ac
799 1881 933 1943 lacu,

297 1945 589 2007 fugiendam
623 1947 748 2004 istis,

298 2019 347 2060 et
374 2012 512 2060 illam
532 2014 828 2075 preclaram

299 2077 449 2126 nimis
477 2087 682 2127 veterem
706 2079 982 2143 Thucydidi

299 2159 400 2192 non
425 2146 824 2208 persequendam,

296 2219 534 2271 tanquam
548 2219 709 2259 notam
722 2212 1032 2260 Anichnam.

297 2277 609 2340 Thucydides
631 2278 760 2326 enim
785 2278 906 2342 ipse,

297 2344 340 2391 si
364 2341 532 2390 fuisset
555 2345 813 2408 posterius,

297 2411 467 2457 fuisset
496 2412 653 2459 multo
684 2411 925 2460 maturior

294 2485 344 2524 et
365 2477 549 2525 mitior.

361 2542 631 2593 LXXXIV.
659 2544 914 2594 Imitemur
934 2543 1031 2608 igi-

296 2607 686 2659 Demosthenem.
928 2610 1031 2675 [tur

296 2671 339 2722 Ο
363 2675 431 2723 dii
453 2677 593 2724 boni!

295 2741 412 2801 quid
436 2742 587 2800 aliud,
626 2758 804 2806 quaeeo‘,

296 2821 385 2854 nos
408 2806 621 2870 agimus,

293 2884 382 2920 aut
402 2874 520 2935 quid
544 2874 679 2923 aliud
704 2873 961 2939 optamus?

293 2938 362 2986 At
385 2954 484 2987 non
509 2942 827 3003 assequimur.

294 3003 382 3053 Isti
405 3007 537 3055 enim
560 3007 714 3055 Attici
748 3008 906 3056 nostri

295 3080 622 3134 assequuntur
644 3074 869 3122 videlicet

295 3137 424 3198 quod
455 3139 652 3188 volunt!

295 3202 368 3250 Ne
411 3206 700 3269 intelligunt
743 3205 941 3268 quidem
971 3206 1030 3254 il-

295 3283 393 3315 non
409 3271 560 3320 modo
900 3270 1027 3335 [lud,

295 3335 546 3397 proditum
558 3351 662 3386 esse
681 3338 1027 3398 memoriaeim,

296 3400 380 3448 sed
404 3401 551 3451 fuisse
569 3418 762 3454 necesse
783 3407 870 3465 ita,

294 3482 449 3529 quum
473 3469 821 3520 Demosthenes

291 3542 419 3582 esset
445 3533 684 3595 dicturus,

1099 373 1362 419 BRUTUS·
2037 371 2111 424 33
2122 371 2146 424 l

1093 489 1216 550 qu’il
1242 494 1284 535 le
1305 491 1479 537 veuiUe
1504 494 1718 540 recueilli

1096 569 1207 602 sous
1231 555 1301 603 les
1323 555 1536 605 derniers
1555 562 1766 615 consuls,

1095 622 1149 670 ni
1173 621 1502 684 d’autre-part
1519 624 1561 671 si
1583 624 1745 682 viaux,

1095 688 1217 748 qn’il
1237 688 1474 736 demande
1497 689 1548 737 le
1564 694 1734 738 consul

1094 753 1317 815 Opimius
1341 769 1406 803 ou
1427 756 1651 802 Anicius.

1094 820 1339 869 Pom-tant
1360 835 1440 868 cce
1459 821 1712 883 etiquettes
1734 823 1841 886 (ces
1854 827 2048 889 annes)

1096 895 1208 934 sont
1228 889 1307 936 lea.
1318 887 1608 940 meilleures.

1095 950 1218 1000 Sans
1249 952 1419 1010 doute3
1452 956 1577 1001 mais
1599 970 1667 1001 un
1692 963 1846 1017 temps
1865 959 2118 1023 trop-long

1093 1030 1144 1067 et
1160 1020 1242 1067 n’a
1264 1034 1352 1081 pas
1382 1028 1505 1068 cene
1526 1020 1755 1084 deuocat,

1093 1099 1187 1146 que
1215 1101 1338 1133 nous
1363 1085 1651 1146 cherchons,

1092 1159 1140 1199 et
1170 1153 1294 1203 n?est
1317 1152 1427 1215 plus
1447 1153 1512 1201 du
1536 1161 1643 1201 tout
1662 1155 1989 1216 supportable.

1091 1217 1253 1266 Est-ee
1275 1234 1368 1280 que
1392 1220 1516 1268 donc
1538 1219 1773 1267 l'homme
1793 1221 1879 1282 qui
1900 1229 2009 1270 seut
2025 1225 2146 1284 cela,

1093 1284 1172 1330 s’il
1198 1293 1306 1332 veut
1328 1285 1478 1345 boire,

1093 1350 1252 1397 croire.
1274 1349 1730 1416 devoir-etre—puise
1751 1368 1837 1417 par
1859 1353 1934 1401 lui

1092 1418 1123 1461 a
1145 1416 1196 1464 la
1222 1415 1378 1466 cave?

1090 1481 1491 1547 Point-du-tout3

1085 1550 1216 1596 mais
1239 1549 1276 1596 il
1301 1549 1562 1598 cherchera

1091 1629 1159 1662 un
1193 1617 1286 1678 fige
1311 1631 1506 1678 moyen.

1088 1680 1232 1729 Ainsi
1255 1683 1354 1729 moi
1368 1682 1420 1745 je
1447 1684 1595 1732 serais
1617 1683 1770 1732 d’avis

1089 1754 1138 1796 et
1169 1762 1224 1795 ce
1246 1749 1372 1810 style
1396 1749 1638 1807 modeme,

1087 1813 1492 1875 qui-bouillonne‚

1087 1894 1275 1928 comme
1299 1883 1539 1930 au-sortir
1575 1882 1638 1931 du
1660 1883 1869 1944 pressoir
1893 1893 1939 1933 et
1963 1885 2021 1935 de
2048 1888 2144 1948 lac,

1088 1945 1379 1995 devoir-&tre
1398 1949 1521 1996 evite
1544 1963 1631 2010 par
1654 1953 1863 2011 ceux-ci,

1088 2019 1140 2060 et.
1156 2027 1210 2062 ce
1238 2012 1678 2076 (styleyexcellent,

1087 2079 1249 2144 (mais)
1275 2089 1386 2143 trop
1405 2083 1550 2128 vieux
1573 2081 1631 2128 de
1650 2081 1935 2145 Thucydide

1089 2160 1150 2192 ne
1175 2144 1342 2194 devoir
1361 2162 1446 2209 pas
1464 2151 1564 2195 etre
1588 2148 1862 2211 recherche,

1088 2225 1275 2259 comme
1297 2213 1564 2276 l’etiquette
1584 2214 1651 2277 (le
1665 2216 1772 2277 vin)
1794 2216 2064 2266 d'Anicius.

1088 2276 1184 2326 Car
1201 2278 1487 2342 Thucydide
1509 2281 1789 2341 lui-meme,

1090 2343 1169 2390 s’il
1192 2346 1328 2391 avait
1347 2347 1464 2393 νόου
1490 2346 1754 2408 plus-tard‚

1088 2411 1250 2457 aurait
1271 2413 1345 2457 ete
1363 2412 1611 2475 beaucoup
1637 2413 1744 2475 plus
1763 2417 1874 2461 mssr

1087 2482 1137 2524 et
1157 2477 1268 2537 plus
1291 2478 1556 2525 moelleux.

1151 2542 1428 2591 LXXXIV.
1460 2544 1666 2593 Imitons
1690 2544 1819 2593 donc

1086 2608 1427 2658 Demosthene.

1085 2673 1128 2724 Ο
1151 2674 1299 2723 dieux
1320 2675 1473 2725 bons!

1083 2741 1257 2802 Quelie
1280 2749 1423 2791 autre
1442 2742 1607 2799 chose,
1626 2743 1677 2805 je
1699 2750 1745 2790 te
1766 2744 1886 2805 prie,

1082 2808 1432 2869 &isone-nouo,

1085 2889 1150 2922 ou
1169 2876 1328 2938 quelle
1342 2885 1480 2923 autre
1505 2874 1648 2923 chose
1673 2875 2043 2926 desirons-nous

1085 2940 1211 2988 Mais
1229 2957 1354 2991 nous
1386 2944 1470 3005 n'y
1492 2941 1713 2989 arrivons
1731 2957 1832 3003 pas.

1085 3007 1184 3056 Car
1201 3022 1281 3056 ces
1301 3009 1528 3071 Attiques
1544 3009 1709 3055 noti-es

1086 3075 1358 3136 atteignent
1379 3084 1747 3137 apparemment

1085 3154 1139 3187 ce
1161 3141 1308 3202 qu’ils
1325 3139 1542 3188 veulent!

1083 3204 1152 3253 112
1171 3220 1234 3254 ne
1258 3216 1606 3268 comprennent
1629 3209 1786 3255 meme
1803 3222 1889 3270 pas
1909 3210 2025 3266 ceci,

1082 3286 1182 3320 non
1202 3273 1469 3321 seulement

1084 3338 1221 3386 avoir
1242 3341 1317 3386 ete
1340 3338 1571 3387 transmis
1594 3354 1658 3387 au
1677 3338 1906 3388 eonvenir
1934 3339 2081 3398 ainsi,

1082 3405 1207 3452 mais
1230 3405 1367 3453 avoir
1383 3407 1456 3453 ete
1476 3406 1743 3454 necessaire
1766 3405 1910 3463 ainsi,

1083 3471 1245 3532 quand
1266 3469 1590 3520 Demosthene

1081 3538 1201 3585 etait
1223 3536 1405 3586 devant
1422 3538 1603 3601 parler,
