2592 4084
416 421 530 477 230
1204 424 1466 469 saurus.

412 547 519 603 fuit
544 544 874 617 adoptatus?
895 570 955 583 -
979 545 1204 598 Summo
1228 540 1332 596 iste
1357 537 1581 611 quidem
1606 536 1806 592 dicitur
1823 535 2047 605 ingenio
2066 535 2260 606 fuisse,

412 643 611 716 inquit.
641 644 708 697 Et
728 658 861 699 vero
885 638 979 696 hic
1010 638 1220 711 Scipio,
1258 637 1475 708 collega
1503 651 1682 703 meus,
1708 632 1848 687 mihi
1874 648 2007 686 sane
2034 630 2180 686 bene
2203 637 2265 686 et

414 740 568 813 loqui
609 739 853 809 videtur,
892 742 950 793 et
975 736 1183 792 dicere.
1214 766 1277 776 —
1304 735 1498 805 Recte,
1526 732 1773 805 inquam,
1796 730 2036 802 judicas,
2067 732 2261 786 Brute.

414 841 629 898 Etenim
664 839 827 896 istius
860 854 1037 910 genus
1063 843 1151 892 est
1199 853 1269 890 ex
1306 834 1480 907 ipsius
1507 831 1790 904 sapientiae
1824 832 1991 902 stirpe
2017 846 2263 903 genera-

414 945 555 995 tum.
581 940 724 994 Nam
746 942 803 991 et
827 936 896 990 de
922 932 1140 990 duobus
1163 933 1282 987 avis
1302 932 1418 1004 J'am
1444 930 1699 1001 diximuS,
1729 929 1984 999 Scipione
2010 934 2071 983 et
2097 930 2263 985 Cras-

413 1052 502 1106 so;
555 1040 611 1090 et
647 1034 713 1089 de
756 1031 935 1087 tribus
978 1028 1218 1102 proaviS,
1264 1030 1328 1095 Q.
1369 1027 1614 1098 Metello,
1656 1026 1815 1099 cujus
1847 1032 2087 1098 quatuor
2135 1025 2258 1095 filii,

409 1138 470 1190 P.
503 1130 778 1203 Scipione,
804 1128 902 1202 qui
927 1144 994 1183 ex
1027 1125 1309 1182 dominatu
1333 1125 1453 1181 Tib.
1484 1125 1715 1181 Gracchi
1741 1125 1990 1195 privatus
2016 1124 2077 1178 in
2097 1123 2262 1179 liber—

407 1240 581 1292 tatem
605 1227 1003 1301 rempublicam
1029 1225 1350 1296 vindicavit,
1377 1228 1441 1293 Q.
1474 1225 1718 1283 Scaevola
1739 1241 1969 1296 augure,
1992 1224 2090 1295 qui
2113 1224 2262 1296 peri·

406 1329 660 1385 tissimus
683 1325 846 1399 juriS,
884 1325 1142 1398 idemque
1173 1322 1448 1396 percomis
1486 1329 1570 1379 est
1594 1322 1838 1379 habitus·
1860 1325 1893 1380 J
1901 1338 1990 1377 am
2019 1321 2260 1377 duorum

411 1426 712 1483 abavorum
760 1439 925 1497 quam
973 1429 1056 1478 est
1099 1421 1313 1477 illustre
1354 1436 1578 1492 nomen,
1626 1424 1688 1476 P.
1725 1419 2011 1491 ScipioniS,
2051 1420 2146 1490 qui
2175 1420 2258 1473 bis

409 1520 600 1578 consul
634 1520 756 1589 fuit,
796 1520 891 1591 qui
936 1526 1019 1574 est
1052 1517 1349 1574 Corculum
1394 1517 1594 1589 dictus,
1637 1508 1861 1572 alterius
1902 1516 2152 1571 omnium
2180 1532 2259 1571 sa-

418 1617 768 1691 pientissimi,
809 1618 868 1672 C.
904 1616 1089 1672 Laelii?
1112 1647 1183 1657 —
1207 1616 1250 1671 O
1292 1629 1639 1688 generosam,
1684 1612 1881 1683 inquit,
1920 1612 2173 1682 stirpem,
2206 1618 2260 1668 et

417 1721 681 1787 tanquam
704 1715 760 1768 in
787 1729 955 1769 unam
983 1713 1236 1769 arborem
1277 1712 1441 1784 plura
1477 1725 1705 1783 genera,
1738 1708 1819 1767 sic
1852 1709 1910 1763 in
1951 1707 2119 1764 istam
2155 1709 2258 1764 do-

412 1827 566 1867 mum
597 1810 898 1866 multorum
926 1809 1149 1865 insitam
1171 1814 1336 1880 atque
1361 1805 1724 1862 illuminatam
1751 1803 2113 1877 sapientiam!

475 1911 607 1965 LIX.
637 1939 702 1949 —
745 1907 1015 1963 Similiter
1062 1905 1238 1976 igi-tur
1284 1904 1536 1975 suspicor
1571 1904 1655 1974 (ut
1694 1902 2041 1957 conferamus
2083 1914 2256 1971 parva

407 2189 498 2237 que
526 2187 845 2237 pensa-vous
874 2168 1060 2219 delui?
1084 2198 1149 2207 —
1185 2171 1249 2221 Ge
1284 2170 1377 2234 fut,
1412 2171 1601 2234 dit-on,
1634 2188 1702 2220 un
1725 2172 1921 2221 homme
1944 2173 2059 2222 d’un
2096 2176 2258 2237 grand

405 2267 557 2316 talent
579 2285 592 2315 t
613 2272 767 2331 quant
789 2268 820 2314 ὲ.
841 2266 1055 2330 Scipion,
1089 2281 1178 2315 son
1201 2266 1330 2314 frere
1357 2274 1405 2314 et
1434 2282 1551 2314 mon
1578 2267 1815 2329 collegae,
1839 2283 1895 2316 sa
1916 2271 2254 2319 conversation

403 2371 453 2409 et
467 2375 541 2409 ses
561 2361 785 2410 discours
803 2358 995 2423 publice
1013 2374 1089 2408 me
1113 2359 1327 2424 plaisent
1347 2359 1634 2422 &galementa
1654 2386 1720 2395 —
1732 2359 1868 2408 Vous
1894 2360 1939 2408 le
1955 2362 2105 2424 jugez
2121 2362 2258 2429 bien,

404 2469 520 2502 mon
555 2454 669 2503 cher
692 2453 900 2518 Brutus3
933 2453 1066 2500 aussi
1091 2452 1363 2502 descend-il
1398 2452 1541 2501 d’une
1563 2466 1675 2501 tace
1698 2453 1782 2515 qui
1811 2468 1842 2501 a
1870 2455 1971 2515 pris
1998 2456 2261 2507 naissanoe

403 2561 469 2594 au
502 2547 605 2596 sein
632 2547 690 2595 de
710 2547 762 2595 la
781 2563 974 2612 sagesse
997 2548 1292 2594 elle-meme.
1318 2546 1457 2595 Nous
1479 2562 1632 2595 avons
1652 2548 1763 2611 deja
1786 2549 1924 2610 pai-le
1946 2549 2006 2596 de
2028 2565 2104 2598 ses
2126 2550 2258 2600 dm

404 2638 576 2697 aieuls,
612 2639 810 2702 Scipion
841 2647 889 2688 et
922 2640 1155 2698 Crassus;
1191 2640 1250 2687 de
1283 2655 1358 2687 ses
1379 2640 1498 2688 trois
1529 2639 1787 2700 hiemale,
1825 2641 1886 2701 Q.
1910 2641 2137 2691 Metellus
2173 2644 2260 2707 qui

405 2736 489 2779 eut
515 2738 688 2792 quatre
706 2731 813 2790 fils3
836 2732 896 2780 P.
921 2732 1136 2794 Scipion,
1159 2732 1261 2794 qui,
1288 2731 1462 2793 simple
1482 2733 1692 2796 citoyen,
1721 2748 1872 2782 δειπνῇ,
1898 2735 1952 2783 la
1971 2736 2260 2799 republiqne

407 2819 466 2868 de
489 2820 540 2867 la
567 2821 795 2882 tyrannio
823 2822 883 2870 de
906 2823 1017 2870 Tib.
1043 2822 1321 2880 Gracchus3
1349 2822 1477 2870 enfin
1502 2823 1564 2883 Q.
1585 2823 1782 2873 Scevola
1809 2826 2053 2891 raugam,
2077 2829 2159 2891 qui
2182 2829 2260 2878 fut

404 2911 535 2960 aussi
568 2915 816 2962 renomme
834 2930 925 2978 par
947 2930 1003 2961 sa.
1024 2915 1249 2977 politesse
1266 2930 1362 2978 que
1379 2931 1469 2980 par
1484 2932 1572 2965 son
1606 2918 1814 2981 profond
1836 2921 1998 2970 savoir
2015 2937 2074 2970 en
2095 2923 2260 2985 juris-

402 3006 665 3070 prudence.
689 3007 816 3056 Mais
836 3007 895 3057 de
919 3007 1034 3072 quel
1054 3009 1181 3058 eolat
1206 3010 1406 3059 brillent
1426 3011 1532 3059 l'un
1553 2999 1601 3061 e⁸t
1614 3014 1789 3062 l'autre
1815 3014 1874 3064 de
1897 3032 1972 3064 ses
1985 3018 2252 3080 trisaieul‘s,

401 3097 464 3146 P.
501 3097 714 3162 Scipion,
744 3099 872 3150 deux
893 3101 991 3150 fois
1005 3103 1200 3165 consul,
1222 3103 1345 3154 dont
1362 3105 1409 3154 le
1442 3121 1642 3156 surnom
1666 3113 1837 3159 atteste
1856 3111 1925 3158 les
1937 3112 2186 3171 lumieres,
2209 3121 2259 3163 et

401 3190 457 3241 C.
496 3190 681 3251 Mlius,
713 3192 761 3242 le
779 3192 892 3257 plus
922 3208 1039 3257 sago
1061 3195 1143 3245 des
1171 3197 1395 3247 mortelsl
1422 3225 1486 3235 —
1509 3199 1635 3249 Raoe
1662 3201 1861 3252 seconde
1889 3212 1938 3254 et
1968 3209 2250 3270 generense,

402 3283 474 3331 dit
489 3283 692 3343 Brutus,
709 3289 759 3334 et
775 3300 868 3349 quo
888 3285 947 3333 de
964 3288 1134 3339 nobles
1155 3291 1392 3354 maisons,
1406 3307 1593 3342 comme
1611 3293 1694 3343 des
1720 3311 1955 3346 rameaux
1981 3298 2250 3358 disserena,

400 3376 574 3439 grefl'es
606 3394 693 3428 sur
732 3380 784 3429 la
819 3386 976 3432 meme
1022 3385 1138 3448 tige,
1193 3392 1280 3434 ont
1325 3386 1569 3434 confondu
1602 3402 1661 3435 en
1686 3389 1777 3437 elle
1812 3389 1920 3439 leur
1945 3406 2140 3455 sagesse
2161 3393 2256 3442 he·

398 3469 628 3522 reditaire
647 3480 695 3523 et
717 3480 969 3539 emprunte
993 3477 1051 3526 de
1071 3484 1192 3527 cette
1213 3478 1367 3527 union
1394 3495 1460 3526 un
1482 3480 1635 3527 lustro
1652 3483 1905 3531 nouveaui

464 3561 597 3613 LIX.
637 3593 702 3604 -—
736 3565 799 3619 δε
832 3571 1021 3620 revisus
1045 3573 1074 3618 a
1095 3571 1294 3630 Curion,
1323 3578 1372 3620 st
1398 3570 1475 3618 s'il
1500 3576 1572 3620 est
1592 3573 1770 3635 permis
1790 3575 1847 3622 de
1874 3576 1920 3623 le
1944 3576 2065 3626 citer
2087 3579 2119 3626 ὲ.
2141 3581 2252 3627 cate
