2592 4084
422 247 459 304 8
894 327 901 337 .
1209 259 1476 305 Bau-rus.

413 373 567 432 illius
611 372 839 444 ingenii,
873 386 1007 429 voce
1051 372 1284 442 erudita,
1316 378 1372 430 et
1407 375 1649 430 romanis
1681 391 1986 452 graemsque
2028 382 2263 438 auribus

414 466 607 537 digna,
644 465 941 536 spoliatum
979 469 1145 538 atque
1191 465 1447 523 orbatum
1491 466 1727 524 videret.
1770 472 2041 542 Equidem
2082 491 2263 546 angor

413 557 619 627 animo,
644 572 755 612 non
776 557 1009 629 consilii,
1027 573 1139 614 non
1158 559 1388 631 ingenii,
1410 576 1517 615 non
1542 561 1886 619 auctoritatis
1904 565 2073 620 armis
2091 583 2259 638 egere

411 647 835 720 rempublicam,
860 664 983 719 quae
1007 649 1310 706 didiceram
1333 657 1592 722 tractare,
1623 652 1933 727 quibusque
1963 672 2051 712 me
2077 673 2261 715 assue-

410 742 678 804 feceram,
696 755 930 812 quaeque
950 748 1108 797 erant
1128 743 1350 814 propria
1372 760 1544 816 quum
1566 746 1877 816 praestantis
1901 748 1956 803 in
1973 749 2261 821 republica

411 835 538 906 viri,
566 840 685 889 tum
709 835 852 890 bene
882 842 1108 892 moratae
1137 843 1192 892 et
1223 836 1364 893 bene
1400 838 1709 894 constitutae
1735 839 1994 896 civitatis.
2022 843 2178 909 Quod
2209 843 2258 898 si

409 926 516 983 fuit
539 927 598 981 in
621 926 906 998 republica
929 933 1149 1000 tempus
1177 928 1377 1000 ullum,
1405 945 1577 1001 quum
1601 936 1924 1002 extorquere
1947 948 2101 990 arma
2126 949 2257 1005 pos-

408 1026 494 1077 set
519 1035 550 1076 e
574 1021 829 1077 manibus
855 1022 1120 1078 iratorum
1147 1022 1351 1079 civium
1376 1021 1505 1078 boni
1543 1024 1679 1080 civis
1719 1025 2018 1082 auctoritas
2046 1033 2104 1082 et
2129 1043 2256 1083 ora-

407 1115 515 1188 tio;
541 1120 660 1172 tum
678 1117 923 1187 profecto
949 1116 1073 1187 fuit,
1102 1132 1273 1188 quum
1297 1117 1664 1187 patrocinium
1689 1120 1842 1190 pacis
1861 1119 2145 1175 exclusum
2175 1127 2259 1176 est

409 1213 507 1266 aut
528 1223 719 1266 errore
746 1207 1057 1272 hominum,
1079 1213 1175 1263 aut
1193 1207 1415 1264 timore.
1445 1210 1528 1264 lta
1554 1210 1832 1265 nobismet
1862 1211 1997 1282 ipsis
2031 1212 2253 1278 accidit,

408 1304 491 1371 ut,
520 1314 838 1372 quanquam
872 1302 1058 1355 essent
1093 1298 1266 1354 multo
1292 1301 1472 1372 magis
1500 1300 1608 1356 alia
1644 1301 1903 1373 lugenda,
1934 1308 2122 1360 tamen
2149 1304 2257 1361 hoc

408 1391 747 1461 doleremuS,
769 1389 937 1461 quod,
965 1405 1074 1461 quo
1109 1395 1357 1461 tempore
1390 1398 1524 1446 aetas
1550 1399 1734 1447 nostra
1760 1394 2048 1465 perfuncta
2087 1396 2256 1452 rebus

407 1481 790 1552 amplissimis,
829 1485 1089 1552 tanquam
1137 1481 1194 1535 in
1232 1485 1450 1552 portum
1496 1483 1793 1554 confugere
1834 1484 2096 1556 deberet,
2143 1502 2254 1541 non

407 1574 638 1641 inertiae,
682 1589 864 1646 neque
910 1573 1154 1643 desidiae,
1203 1573 1303 1629 sed
1338 1574 1435 1630 otii
1480 1575 1752 1632 moderati
1794 1583 1959 1650 atque
1999 1578 2250 1648 honesti;

408 1682 692 1739 quumque
738 1665 858 1738 ipsa
903 1665 1080 1722 oratio
1120 1666 1236 1738 jam
1293 1672 1499 1722 nostra⁴
1533 1674 1875 1738 canesceret,
1913 1668 2252 1740 haberetque

303 1765 309 1768 ’
408 1774 569 1815 suam
613 1758 912 1829 quamdam
959 1758 1365 1830 maturitatem,
1409 1764 1466 1813 et
1513 1759 1670 1832 quasi
1711 1766 2086 1816 senectutem:
2132 1765 2253 1814 tum

405 1971 485 2035 pls
513 1969 725 2029 romain,
764 1982 819 2016 oe
850 1967 1037 2016 theatro
1070 1968 1135 2015 οὺ
1169 1968 1301 2015 avait
1329 1967 1482 2015 celate
1514 1983 1602 2017 son
1633 1969 1792 2031 genie,
1833 1968 2084 2026 desberite,
2128 1985 2251 2032 pour

405 2052 534 2102 ainsi
553 2052 677 2108 dire,
700 2059 750 2099 et
770 2052 907 2114 prive
927 2049 1012 2098 des
1033 2056 1227 2098 accents
1251 2049 1311 2098 de
1334 2056 1457 2099 cette
1479 2051 1591 2099 voix
1621 2058 1838 2104 savants.
1864 2050 2012 2114 digne
2031 2050 2089 2098 de
2106 2053 2250 2101 char-

408 2150 515 2184 mei*
536 2135 589 2185 la
608 2134 889 2182 delicatesse
921 2132 1005 2179 des
1032 2131 1183 2181 Grecs
1214 2134 1348 2181 aussi
1375 2135 1489 2182 bien
1526 2149 1619 2196 que
1648 2134 1852 2182 l’oreille
1888 2133 1971 2181 des
1996 2133 2247 2181 Romains.

404 2220 540 2271 Pom·
571 2217 691 2275 moi,
725 2215 818 2278 j’ai
854 2216 901 2264 le
940 2229 1076 2264 coeur
1111 2214 1304 2264 decbire
1340 2216 1504 2279 quand
1531 2217 1584 2279 je
1605 2231 1750 2279 pense
1781 2231 1875 2278 que
1895 2217 1945 2263 la
1970 2216 2253 2279 republique

404 2301 629 2353 n’attend
651 2301 761 2363 plus
780 2299 885 2346 rien
911 2298 993 2346 des
1019 2313 1184 2346 armes
1210 2313 1304 2361 que
1330 2299 1630 2346 fournissent
1651 2299 1703 2346 la
1724 2299 1906 2354 raison,
1931 2299 1979 2346 le
2005 2299 2175 2354 talant,
2200 2300 2252 2348 la

405 2383 766 2435 consideration
795 2383 1117 2446 pereffluens,
1151 2397 1231 2430 ces
1264 2397 1421 2429 armes
1458 2396 1548 2445 que
1572 2382 1750 2444 j’avais
1783 2382 1946 2444 appris
1980 2385 2011 2428 a
2041 2384 2247 2442 manier,

405 2468 692 2531 auanellcs
714 2466 767 2529 je
799 2466 988 2514 m'etais
1019 2468 1332 2523 accontume,
1367 2473 1415 2512 et
1448 2466 1530 2527 qui
1574 2466 1898 2513 conviennent
1932 2465 2090 2513 seules
2119 2468 2145 2513 a
2182 2482 2250 2514 un

403 2551 602 2617 homme
616 2550 863 2614 distingue
882 2549 1002 2597 dans
1023 2535 1196 2606 mitat,
1213 2550 1243 2595 a
1266 2564 1333 2596 un
1343 2532 1459 2596 litat
1481 2550 1726 2610 gouverne
1741 2562 1829 2611 par
1846 2547 1896 2594 la
1914 2548 2092 2609 justice
2111 2555 2159 2597 et
2179 2550 2251 2598 los

404 2634 500 2686 lois
523 2631 565 2681 ⁸.
593 2633 696 2681 Ehl
729 2633 807 2681 s'il
834 2632 909 2680 fut
937 2648 1005 2679 un
1023 2638 1179 2694 temps
1210 2632 1275 2679 οὴ
1309 2628 1584 2679 l’inflnence
1605 2638 1653 2678 et
1677 2631 1746 2679 les
1772 2631 1990 2681 discours
2015 2630 2134 2679 d’un
2153 2631 2250 2678 bon

402 2718 601 2778 citoyen
627 2718 851 2763 aui-aient
882 2731 945 2777 pu
981 2714 1221 2762 desarmer
1246 2715 1291 2762 le
1316 2714 1430 2761 bras
1453 2713 1511 2760 de
1536 2715 1755 2777 eitoyens
1781 2714 1955 2763 divises
1974 2730 2063 2778 par
2085 2715 2134 2762 la
2161 2729 2250 2762 co-

403 2799 521 2859 lere,
557 2814 610 2847 ce
631 2799 706 2846 fut
732 2814 844 2846 sans
871 2798 1016 2845 doute
1049 2799 1261 2859 lorsque,
1287 2798 1383 2845 soit
1416 2812 1600 2856 eri-eur,
1634 2799 1729 2847 soit
1764 2799 1964 2857 crainte,
1997 2814 2062 2847 on
2087 2798 2251 2846 refusa

407 2881 686 2931 d'entendre
698 2882 784 2929 *les
807 2880 1084 2928 defenseurs
1109 2880 1167 2927 de
1194 2881 1244 2927 la
1263 2881 1397 2943 paix.
1435 2881 1578 2930 Ainsi
1611 2884 1914 2939 moi-meme,
1950 2883 2109 2945 parmi
2143 2887 2250 2929 tant

405 2966 622 3015 d'autres
640 2981 791 3012 maux
814 2965 925 3012 bien
954 2965 1064 3027 plus
1089 2963 1260 3026 dignes
1284 2965 1342 3011 de
1367 2965 1561 3027 larmes,
1595 2966 1633 3013 il
1665 2966 1806 3013 m'est
1829 2967 1990 3014 arrive
2013 2966 2072 3012 de
2094 2966 2250 3027 gemit

402 3062 579 3098 encore
599 3047 659 3095 de
680 3062 735 3094 ce
757 3047 873 3109 qu'b
892 3061 960 3093 un
984 3048 1075 3108 age
1094 3048 1176 3105 οὺ,
1202 3048 1342 3109 apres
1369 3047 1622 3096 l’exeroice
1644 3046 1726 3096 des
1747 3048 1860 3111 plus
1882 3046 2091 3110 grandes
2114 3044 2251 3093 char-

403 3145 510 3195 ges,
542 3130 596 3194 je
631 3131 823 3192 croyais
855 3128 1056 3178 toucher
1086 3144 1150 3176 au
1189 3135 1319 3191 port,
1352 3145 1450 3177 non
1484 3145 1608 3193 pour
1637 3146 1670 3192 y
1710 3138 1906 3179 trouver
1938 3128 2173 3177 l‘oisivete
2203 3134 2251 3175 et

402 3213 677 3273 l'inaction,
701 3215 826 3262 mais
847 3227 971 3276 pour
989 3227 1026 3275 y
1048 3214 1222 3275 gomer
1243 3226 1360 3260 aveo
1384 3213 1589 3261 sobrie‘te
1613 3213 1685 3260 les
1711 3211 1949 3259 douceurs
1972 3210 2089 3257 d’un
2106 3209 2251 3259 noble

405 3310 583 3364 repoeg
609 3298 642 3344 ὁ,
661 3311 730 3344 un
759 3298 851 3359 age
885 3297 947 3344 ou
980 3309 1099 3343 mon
1134 3295 1415 3358 eloquare,
1438 3310 1563 3358 pour
1586 3295 1713 3343 ainsi
1736 3293 1840 3342 dire
1864 3292 2246 3354 blanchissanto,

403 3381 526 3430 §tait
553 3381 827 3430 elle-mame
852 3393 1094 3444 pat-venue
1130 3393 1194 3427 au
1230 3384 1386 3442 temps
1417 3378 1476 3426 de
1503 3394 1558 3427 sa
1583 3379 1815 3426 matur-ite
1849 3384 1897 3425 et
1928 3377 1988 3425 de
2024 3392 2080 3425 sa
2105 3375 2250 3424 vieil-
