2592 4084
488 382 515 434 1
527 381 561 433 2
1278 385 1539 431 BRu'sz.

483 506 623 577 quit,
647 504 720 559 ad
743 508 797 557 te
841 502 1023 557 animo
1062 500 1336 570 venimuS,
1363 505 1427 554 ut
1453 500 1521 556 de
1552 497 1832 570 republica
1854 504 1999 555 esset
2026 499 2330 571 silentium,

484 607 544 657 et
575 598 784 671 aliquid
814 597 1131 652 audiremus
1156 595 1343 666 potius
1370 611 1433 650 ex
1459 600 1536 666 te,
1564 611 1730 667 quam
1761 599 1816 651 te
1844 594 2190 653 afficeremus
2217 597 2337 654 ulla

486 695 761 752 molestia.
804 726 866 736 -
907 696 1016 751 Vos
1056 709 1219 760 vero,
1260 694 1502 763 inquam,
1533 692 1738 763 Attice,
1776 697 1833 748 et
1874 698 2205 764 praesentem
2243 712 2335 763 me

485 803 620 844 cura
644 786 863 854 lentie,
891 792 946 842 et
972 786 1187 843 absenti
1222 802 1424 858 magna
1459 784 1659 841 solatia
1685 785 1945 857 dedistis;
1970 803 2099 843 nam
2136 787 2339 843 vestris

484 884 727 957 primum
749 883 951 938 litteris
971 891 1274 955 recreatuS,
1294 899 1383 937 me
1412 882 1482 938 ad
1503 882 1736 954 pristina
1756 882 1937 939 studia
1964 883 2245 939 revocavi.
2269 913 2333 924 -

485 983 627 1037 Tum
652 981 769 1050 ille,
797 982 954 1051 Legi,
984 980 1180 1051 inquit,
1221 978 1578 1048 perlubenter
1614 977 1925 1050 epistolam,
1958 994 2126 1052 quam
2171 978 2241 1034 ad
2280 988 2337 1035 te

484 1082 690 1133 Brutus
709 1078 857 1133 misit
876 1094 938 1132 ex
963 1076 1110 1147 Asia,
1127 1091 1237 1147 qua
1259 1074 1394 1129 mihi
1413 1075 1564 1131 visus
1585 1080 1670 1130 est
1698 1081 1753 1130 et
1773 1091 1998 1131 monere
2020 1081 2074 1131 te
2098 1076 2339 1147 pruden-

483 1179 592 1241 ter,
621 1179 679 1230 et
711 1172 983 1230 consolari
1031 1170 1385 1227 amicissime.
1416 1200 1489 1212 —
1513 1173 1701 1242 Recte,
1729 1170 1975 1241 inquam,
2018 1178 2102 1226 est
2144 1173 2335 1242 visus;

486 1286 617 1327 nam
642 1286 732 1327 me
760 1271 882 1325 istis
909 1269 1043 1325 scito
1066 1266 1290 1337 litteris,
1324 1282 1387 1322 ex
1424 1266 1692 1322 'diuturna
1731 1254 2138 1339 perturbatione
2167 1269 2340 1324 totius

484 1366 808 1422 valitudinis
830 1374 1095 1438 tanquam
1118 1364 1188 1419 ad
1215 1364 1624 1435 adspiciendam
1647 1364 1828 1420 lucem
1852 1381 1973 1420 esse
1992 1372 2338 1422 revocatum.

485 1460 665 1529 Atque
689 1465 770 1531 ut,
796 1464 921 1529 post
945 1460 1289 1515 Cannensem
1312 1457 1465 1512 illam
1490 1456 1877 1528 calamitatem,
1908 1458 2148 1529 primum
2186 1460 2341 1513 Mar·

490 1553 618 1610 celli
648 1554 721 1610 ad
746 1553 941 1610 Nolam
967 1551 1160 1623 praelio
1187 1552 1422 1624 populus
1445 1569 1505 1609 se
1531 1568 1795 1608 romanus
1822 1555 2011 1624 erexit,
2034 1560 2340 1627 posteaque

488 1664 771 1720 prosperae
796 1664 886 1703 res
905 1647 1166 1720 deinceps
1187 1647 1372 1702 multae
1396 1654 1702 1703 consecutae
1723 1654 1880 1719 sunt;
1902 1648 1983 1704 sic
2005 1653 2132 1720 post
2151 1664 2342 1704 rerum

491 1748 805 1799 nostrarum
827 1749 883 1799 et
905 1743 1279 1799 communium
1315 1742 1671 1813 gravissimos
1702 1757 1880 1814 casus,
1905 1743 2042 1799 nihil
2072 1750 2200 1801 ante
2226 1744 2345 1815 epi-

489 1841 687 1897 stolam
722 1840 878 1896 Bruti
907 1839 1043 1895 mihi
1079 1839 1296 1911 accidit,
1326 1839 1474 1911 quod
1497 1838 1719 1910 vellem,
1752 1843 1849 1894 aut
1874 1840 2021 1912 quod
2052 1840 2241 1914 aliqua
2274 1857 2342 1896 ex

488 2095 539 2141 18
560 2093 727 2142 verite.
750 2092 982 2140 —Alore
1006 2091 1201 2139 Atticus
1229 2107 1243 2138 t
1277 2092 1353 2139 En
1378 2099 1558 2140 venant
1588 2079 1849 2153 aupres'de
1867 2106 2003 2151 vous,
2034 2090 2189 2147 dit-il,
2214 2106 2342 2142 nous

487 2192 612 2225 nous
636 2191 844 2223 eommes
864 2176 1048 2238 promis
1077 2191 1147 2223 un
1179 2175 1359 2223 silence
1391 2175 1563 2222 absolu
1582 2190 1668 2222 eur
1690 2174 1741 2222 la
1759 2174 2028 2239 politiqu03
2058 2189 2184 2223 nous
2213 2190 2343 2224 vou-

487 2261 598 2309 lons
615 2260 751 2323 jouir
774 2259 832 2305 de
851 2265 986 2307 votre
1006 2260 1260 2315 enti-etiem
1284 2265 1333 2306 et
1356 2273 1455 2306 non
1478 2258 1759 2307 reneuveler
1779 2274 1863 2306 voe
1886 2258 2137 2322 chagrine.
2152 2287 2216 2299 -
2233 2259 2336 2308 ΕΜ

487 2358 604 2393 mon
631 2342 747 2391 cher
775 2341 988 2399 Atticus,
1014 2342 1122 2390 leur
1157 2342 1320 2403 dis-je,
1351 2348 1486 2389 votre
1516 2343 1740 2403 presence
1773 2343 1804 2389 a
1843 2347 1955 2388 tous
1987 2340 2114 2388 deux
2137 2343 2343 2406 soulage

487 2441 591 2475 mee
611 2428 816 2492 ennuis;
847 2433 913 2483 et.
941 2429 1098 2475 meme
1126 2426 1343 2488 absente,
1366 2440 1488 2472 vous
1516 2426 1697 2473 m’avez
1718 2424 1876 2473 donne
1897 2424 1955 2472 de
1978 2425 2190 2487 grandes
2216 2441 2342 2474 con-

486 2513 737 2561 solatione.
774 2510 842 2559 Ce
876 2517 988 2558 sont
1020 2525 1108 2559 voe
1132 2511 1299 2558 lettres
1330 2509 1412 2571 qui
1451 2515 1537 2556 ont
1568 2509 1845 2556 commence
1874 2509 1906 2555 8
1935 2522 2013 2555 me
2033 2508 2263 2568 ranimer,
2292 2517 2343 2559 et

485 2595 642 2644 m’ont
670 2593 829 2642 rendu
858 2594 889 2640 a
916 2607 1020 2641 mes
1052 2593 1314 2641 anciennes
1341 2590 1524 2638 etudee.
1555 2617 1623 2626 —
1643 2590 1744 2640 J'ai
1777 2591 1831 2638 lu
1859 2604 1978 2639 avec
2006 2591 2256 2656 beaucoup
2279 2593 2341 2641 de

486 2683 676 2747 plaisir,
701 2681 907 2745 repartit
931 2682 1145 2739 Atticus,
1172 2680 1225 2727 la
1247 2681 1387 2727 lettre
1408 2694 1500 2741 que
1517 2679 1700 2727 Brutus
1722 2694 1843 2726 vous
1867 2693 1897 2725 a
1918 2684 2128 2742 envoyee
2148 2679 2335 2729 d'Aeie.

486 2766 528 2814 Il
550 2767 647 2814 m'a
665 2780 787 2829 paru
808 2780 930 2813 vous
951 2780 987 2827 y
1007 2764 1195 2813 donner
1217 2762 1277 2810 de
1301 2777 1442 2826 sagea
1462 2762 1586 2819 avis,
1616 2771 1664 2810 et
1694 2763 1776 2811 dee
1799 2763 2129 2812 consolatione
2155 2764 2340 2825 pleines

490 2848 723 2897 d’amitie.
748 2874 815 2885 —
837 2847 976 2897 Vous
999 2862 1058 2894 en
1087 2859 1203 2894 avez
1235 2846 1347 2893 bien
1382 2845 1521 2909 juge,
1554 2845 1870 2909 rependis-je.
1904 2847 2041 2894 Vous
2068 2861 2254 2905 saurez,
2274 2861 2338 2895 en

486 2929 600 2978 effet
626 2945 720 2992 que
738 2935 860 2979 cette
884 2931 1028 2978 lettre
1049 2945 1080 2977 a
1097 2926 1253 2978 calme
1274 2936 1432 2976 tontes
1455 2943 1557 2977 mes
1578 2927 1826 2987 douleure,
1842 2937 1890 2976 et
1907 2929 2005 2976 m'a
2027 2928 2129 2983 fait.
2149 2944 2341 2979 comme

487 3015 626 3075 apres
639 3028 737 3060 une
753 3013 938 3076 longue
966 3011 1200 3071 maledie,
1234 3013 1432 3060 rouvrir
1463 3012 1534 3059 les
1568 3026 1697 3073 yeux
1729 3012 1761 3058 8
1789 3011 1843 3059 18
1863 3012 2085 3059 lumiere.
2109 3013 2266 3073 Apres
2287 3013 2339 3061 la

487 3096 788 3143 desaetreuue
803 3095 1008 3158 jour-nee
1025 3096 1083 3144 de
1105 3096 1315 3157 Cannes,
1344 3110 1398 3143 ee
1422 3094 1500 3142 fut
1522 3094 1784 3142 Marcellus
1812 3095 1898 3156 qni
1930 3095 2105 3148 releva,
2135 3109 2259 3155 pour
2284 3098 2337 3144 la

489 3179 720 3242 premiere
743 3179 853 3237 fois,
881 3179 928 3226 le
944 3193 1156 3244 contage
1174 3179 1238 3227 du
1262 3179 1437 3243 peuple
1458 3176 1666 3233 romain,
1695 3191 1783 3239 par
1796 3177 1849 3225 la
1870 3175 2067 3223 bataille
2088 3175 2147 3223 de
2165 3176 2299 3227 Nola
2316 3197 2332 3239 ς

487 3269 537 3310 et
567 3268 692 3310 cette
722 3260 924 3309 victoira
945 3261 1023 3309 fut.
1049 3262 1207 3310 suivie
1229 3262 1350 3309 d'un
1373 3260 1744 3309 enchainemeut
1764 3258 2028 3306 d'heureux
2050 3261 2230 3308 eucceS.
2260 3262 2336 3312 De

487 3348 660 3403 meme,
687 3344 854 3407 depuis
876 3344 927 3391 la
953 3344 1100 3393 fatale
1116 3347 1301 3408 epoque
1325 3344 1383 3392 de
1407 3358 1510 3391 mes
1531 3342 1804 3390 infortunes
1826 3341 2154 3404 particulieres
2179 3350 2227 3390 et
2250 3345 2334 3393 dee

485 3428 735 3476 malheurs
753 3427 943 3491 publice
963 3424 1004 3483 ⁴,
1034 3427 1085 3476 la
1106 3428 1248 3476 lettre
1269 3428 1329 3475 de
1349 3427 1531 3475 Brutus
1554 3432 1626 3472 eet
1650 3424 1696 3472 le
1714 3424 1921 3486 premier
1945 3424 2225 3472 &venement
2246 3428 2332 3488 qui

485 3512 626 3561 m’ait
647 3512 796 3561 cause
818 3512 1023 3575 quelque
1035 3511 1156 3575 joie,
1179 3528 1244 3561 ou
1263 3510 1349 3574 qui
1371 3511 1441 3557 ait
1459 3508 1657 3572 apperte
1676 3506 1743 3554 du
1768 3505 1927 3555 moins
1953 3507 2157 3570 quelque
2179 3508 2334 3556 adou-
