2592 4084
506 426 622 482 386
1303 430 1562 479 BatrmS.

506 554 699 608 ornata
722 563 833 604 non
859 552 999 604 erat.
1027 548 1145 604 Hoe
1165 545 1269 603 tibi
1291 544 1410 618 ille,
1437 548 1622 617 Brute,
1652 546 1836 602 minus
1855 546 2091 602 fortasse
2111 547 2346 622 placuit,

503 657 673 715 quam
698 638 1017 713 placuisset,
1042 640 1091 696 si
1117 637 1277 696 illum
1296 638 1624 711 flagrantem
1650 638 1854 711 studio,
1878 644 1935 696 et
1951 639 2247 750 florentem
2267 641 2328 697 fa

503 734 708 791 oultate
730 732 923 789 audire
948 730 1245 804 potuisses-

575 828 757 883 XCVI.
781 828 1016 882 -Tum
1037 827 1263 897 Brutus,
1286 828 1402 898 Ego
1430 840 1583 893 vero,
1613 823 1813 896 inquit,
1849 825 1909 880 et
1938 823 2066 897 ista,
2096 840 2226 898 quae
2262 827 2350 883 di-

505 919 609 991 eis,
655 919 819 977 video
862 918 1047 992 qualia
1093 918 1222 989 sint,
1267 922 1323 975 et
1369 916 1724 974 Hortensium
1764 931 2031 988 magnum
2070 924 2353 975 oratorem

506 1025 727 1083 semper
763 1009 973 1082 putavi,
998 1008 1344 1081 maximeque
1375 1006 1603 1080 probavi
1632 1021 1732 1079 pro
1770 1006 2010 1063 Messala
2046 1006 2351 1075 dicentem,

506 1118 681 1175 quum
700 1107 765 1159 tu
790 1101 1035 1158 abfuisti.
1057 1132 1125 1143 —
1150 1100 1240 1156 Sio
1259 1101 1464 1171 ferunt,
1492 1099 1735 1172 inquam,
1761 1097 1932 1171 idque
1957 1098 2207 1155 declarat
2223 1099 2352 1157 toti-

506 1196 656 1266 dem,
677 1199 814 1269 quot
837 1194 991 1268 dixit,
1016 1200 1080 1251 ut
1106 1193 1281 1260 aiunt,
1318 1192 1525 1265 scripta
1561 1190 1747 1250 verbis
1777 1190 1974 1248 oratio.
2002 1195 2152 1264 Ergo
2185 1193 2283 1250 ille
2316 1209 2351 1251 a

504 1289 701 1345 Crasso
729 1287 955 1345 consule
984 1292 1039 1344 et
1079 1285 1325 1344 Soaevola
1347 1300 1524 1358 usque
1555 1283 1627 1341 ad
1647 1282 1900 1341 Paullum
1927 1288 1985 1339 et
2018 1285 2349 1342 Marcellum

505 1380 760 1439 consules
780 1381 998 1455 floruit3
1029 1397 1131 1439 nos
1153 1381 1212 1437 in
1238 1363 1434 1438 eodem
1461 1394 1627 1436 eursu
1659 1377 1889 1434 fuimus·
1905 1394 1940 1433 a
1973 1377 2132 1435 Sulla
2166 1377 2349 1436 diota-

503 1482 622 1533 tore
654 1475 729 1532 ad
754 1475 982 1533 eosdem
1004 1475 1125 1531 fere
1161 1473 1437 1532 consules.
1464 1473 1554 1529 Sio
1582 1473 1648 1540 Q.
1678 1469 1956 1528 Hortensii
1979 1486 2085 1529 vox
2108 1471 2350 1528 extincta

502 1567 614 1624 fato
631 1581 731 1624 suo
751 1572 857 1641 est,
874 1572 1062 1625 nostra
1076 1567 1393 1641 publico.—
1403 1564 1626 1638 Melius,
1649 1579 1857 1637 quaeso,
1875 1564 2142 1636 ominare,
2164 1565 2348 1637 inquit

502 1664 721 1718 Brutus.
751 1690 823 1703 —
849 1661 932 1718 Sit
966 1677 1099 1719 sane
1145 1665 1210 1717 ut
1240 1660 1345 1732 vis,
1393 1660 1650 1731 inquam;
1696 1663 1751 1715 et
1802 1657 1862 1714 id
1891 1673 2003 1714 non
2055 1663 2174 1714 tam
2216 1675 2346 1716 mea

502 1768 671 1812 eausa
704 1769 873 1827 quam
912 1758 1037 1824 tua3
1076 1752 1175 1810 sed
1212 1754 1525 1810 fortunatus
1561 1750 1712 1807 illius
1747 1750 1949 1820 exitus,
1992 1750 2092 1823 qui
2134 1764 2200 1808 ea
2237 1766 2346 1807 non

508 1843 644 1901 vidit
668 1859 843 1916 quum
876 1842 1096 1915 fierent,
1124 1859 1247 1916 quae
1289 1842 1530 1917 providit
1563 1842 1772 1898 futura.
1817 1842 1975 1912 Saepe
2019 1841 2172 1898 enim
2204 1842 2347 1899 inter

501 2084 647 2133 doute
668 2096 792 2147 pour
813 2084 935 2141 cela,
962 2097 1076 2132 mon
1098 2082 1214 2131 eber
1234 2082 1437 2139 Brutus,
1464 2080 1585 2145 qu’il
1611 2095 1732 2130 vous
1758 2095 1790 2129 a
1815 2081 1979 2131 moins
2015 2082 2117 2145 plu
2135 2083 2253 2147 qu’il
2282 2098 2345 2133 ne

499 2170 699 2221 l’aurait
742 2168 859 2232 fait,
900 2171 942 2217 si
978 2182 1102 2217 vous
1142 2167 1324 2217 eussiez
1363 2183 1431 2231 pu
1463 2166 1728 2219 l'entendre
1769 2168 1999 2231 lorsqu'il
2031 2169 2155 2219 etait
2187 2169 2345 2218 anime

500 2258 560 2308 de
583 2264 717 2308 toute
741 2273 831 2308 son
861 2257 1055 2321 ardent,
1077 2263 1125 2307 et
1149 2258 1191 2307 si
1216 2271 1339 2307 vous
1369 2258 1590 2308 l'eussiez
1611 2272 1776 2308 eonnu
1805 2258 1931 2308 dans
1952 2265 2065 2308 tout
2091 2258 2257 2308 l’eolat
2285 2258 2347 2307 de

499 2364 587 2401 son
613 2349 784 2399 taient.
1573 2401 1581 2409 ,

565 2436 701 2488 XCV
701 2436 743 2486 1.
756 2436 865 2486 -J
868 2452 894 2484 e
910 2449 1032 2484 vous
1045 2434 1266 2495 emendis,
1291 2434 1365 2485 dit
1384 2435 1584 2495 Brutus,
1599 2440 1649 2484 et
1666 2436 1719 2499 je
1730 2434 1877 2486 reads
1893 2443 2001 2487 tout
2021 2440 2050 2486 a
2064 2438 2116 2487 la
2128 2438 2221 2486 sois
2231 2438 2319 2502 jus

500 2528 594 2575 tioe
616 2529 647 2574 a
672 2541 760 2576 vos
779 2525 1038 2575 reflexions
1058 2530 1108 2574 et
1133 2540 1198 2574 au
1218 2525 1377 2577 talent
1398 2524 1754 2575 d’Hortensins.
1774 2523 1820 2575 11
1846 2525 1943 2574 m'a
1966 2525 2184 2587 tonjours
2210 2540 2337 2574 sem·

497 2616 578 2664 ble
611 2631 680 2665 un
709 2615 869 2680 grand
900 2622 1108 2676 orateur,
1138 2622 1186 2663 et
1221 2616 1274 2679 je
1309 2615 1394 2665 l’ai
1429 2614 1616 2665 admit-6
1649 2621 1840 2665 surtout
1864 2614 2084 2677 lorsqu'il
2125 2629 2157 2663 a
2201 2616 2342 2679 ιιι-16

498 2716 623 2769 pour
651 2703 861 2752 Messala
884 2703 1099 2767 pendant
1127 2708 1261 2751 votre
1295 2702 1516 2751 absence.
1555 2727 1623 2743 —·
1647 2702 1727 2753 On
1756 2701 1842 2762 dit,
1865 2701 2195 2768 rependis-je,
2221 2704 2345 2768 qu’il

498 2792 635 2853 parla
663 2791 794 2848 bien,
818 2797 866 2838 et
894 2805 981 2838 son
1018 2790 1254 2848 discours,
1277 2791 1403 2838 ecrit
1431 2797 1536 2838 mot
1562 2806 1689 2854 pour
1724 2797 1829 2841 mot
1848 2805 2036 2841 oomme
2055 2792 2098 2841 il
2130 2792 2200 2842 l'a
2221 2808 2344 2856 pro-

497 2879 670 2937 nome,
701 2892 761 2948 en
798 2885 874 2926 est.
897 2878 948 2926 la
974 2891 1170 2941 preuve.
1202 2876 1492 2927 Hortensius
1526 2894 1558 2928 a
1592 2878 1733 2929 flenti
1755 2879 1925 2945 depuis
1951 2880 2001 2930 le
2031 2882 2259 2932 consulat
2284 2883 2342 2934 de

496 2967 700 3017 Crassus
728 2970 778 3013 et
808 2964 865 3014 de
888 2964 1104 3026 scevola,
1130 2966 1330 3029 jusqu'a
1350 2968 1476 3017 oelui
1499 2968 1557 3019 de
1583 2969 1785 3019 Paullus
1806 2978 1856 3021 et
1889 2970 1951 3020 de
1982 2972 2270 3037 Mareellus3
2293 2981 2343 3024 et

496 3055 598 3104 moi
616 3055 705 3117 j²ai
733 3067 886 3102 oouru
908 3052 960 3102 la
983 3056 1139 3103 meme
1156 3053 1366 3104 oarriere
1387 3053 1556 3119 depuis
1575 3057 1627 3106 la
1644 3056 1883 3107 diotature
1906 3058 1969 3108 de
1987 3058 2123 3122 Sylla
2139 3059 2343 3123 jusqu’a

497 3158 576 3193 ees
599 3145 778 3192 memes
803 3141 999 3192 oonsuls
1020 3143 1053 3193 a
1085 3156 1179 3207 peu
1199 3144 1328 3209 pres.
1346 3143 1508 3205 Ainsi,
1533 3159 1624 3196 nos
1648 3144 1764 3194 voix
1795 3160 1849 3195 se
1874 3153 1990 3196 sont
2010 3147 2209 3195 eteintes
2237 3149 2270 3195 a
2290 3147 2342 3196 la

496 3230 611 3291 fois,
633 3231 686 3281 la
706 3230 873 3280 sienne
892 3245 982 3294 par
1006 3230 1060 3280 la
1080 3237 1226 3293 mort,
1248 3232 1301 3283 la
1319 3233 1512 3283 mienne
1531 3248 1620 3297 par
1649 3233 1697 3282 le
1722 3232 1952 3285 malheur
1976 3233 2059 3284 des
2077 3240 2254 3299 temps.
2279 3261 2342 3273 -

498 3319 543 3369 Il
564 3318 768 3368 viendra
788 3317 871 3368 des
900 3324 1055 3384 temps
1075 3322 1188 3386 plus
1218 3320 1454 3380 heureux,
1489 3320 1562 3371 dit
1587 3321 1786 3372 Brutus.
1807 3347 1875 3359 —
1892 3321 1958 3373 Je
1979 3323 2029 3373 le
2051 3321 2226 3380 desire,
2247 3323 2345 3372 dis-

496 3407 547 3470 je
568 3409 601 3455 a
625 3421 743 3457 mon
768 3413 900 3466 tour,
930 3412 980 3459 et
1000 3410 1106 3459 oela
1128 3409 1288 3460 moins
1309 3424 1434 3474 pour
1452 3409 1552 3460 moi
1574 3424 1668 3474 que
1688 3425 1813 3474 pour
1831 3426 1974 3462 vous.
2001 3412 2132 3462 Mais
2149 3412 2202 3461 la
2218 3417 2344 3461 mort

498 3492 579 3542 fut
598 3507 669 3541 un
692 3493 899 3543 bienfait
916 3507 1040 3558 pour
1056 3495 1365 3559 Hortensius,
1387 3495 1620 3560 puisqu’il
1649 3495 1733 3545 n'a
1757 3510 1845 3561 pas
1871 3511 1939 3546 vu
1968 3511 2021 3547 se
2049 3496 2253 3547 realiser
2273 3496 2340 3545 les

498 3581 663 3631 tristes
682 3584 1081 3645 pressentiments
1107 3581 1230 3648 qu'il
1264 3585 1397 3635 avait
1429 3584 1607 3635 formes
1634 3600 1651 3635 ε
1677 3599 1762 3635 oar
1791 3591 2002 3638 convent
2034 3601 2163 3637 nous
2194 3599 2341 3636 avons
