<?xml version="1.0" encoding="UTF-8"?>
<!DOCTYPE html PUBLIC "-//W3C//DTD XHTML 1.0 Transitional//EN"
    "http://www.w3.org/TR/xhtml1/DTD/xhtml1-transitional.dtd">
<html xmlns="http://www.w3.org/1999/xhtml" xml:lang="en" lang="en">
 <head>
  <title>
</title>
<meta http-equiv="Content-Type" content="text/html;charset=utf-8" />
  <meta name='ocr-system' content='tesseract 3.04.00' />
  <meta name='ocr-capabilities' content='ocr_page ocr_carea ocr_par ocr_line ocrx_word'/>
</head>
<body>
  <div class='ocr_page' id='page_1' title='image "./brutus03cicegoog/brutus03cicegoog_0308.png"; bbox 0 0 2592 4084; ppageno 0'>
   <div class='ocr_carea' id='block_1_1' title="bbox 412 349 1465 408">
    <p class='ocr_par' dir='ltr' id='par_1_1' title="bbox 412 349 1465 408">
     <span class='ocr_line' id='line_1_1' title="bbox 412 349 1465 408; baseline -0.005 -2"><span class='ocrx_word' id='word_1_1' title='bbox 412 349 528 408; x_wconf 74' lang='lat'><strong>296</strong></span> <span class='ocrx_word' id='word_1_2' title='bbox 1201 356 1442 402; x_wconf 76' lang='lat' dir='ltr'>BRUTUS</span> <span class='ocrx_word' id='word_1_3' title='bbox 1451 388 1465 401; x_wconf 89' lang='lat'><strong>.</strong></span> 
     </span>
    </p>
   </div>
   <div class='ocr_carea' id='block_1_2' title="bbox 411 469 2267 1854">
    <p class='ocr_par' dir='ltr' id='par_1_2' title="bbox 411 469 2264 1149">
     <span class='ocr_line' id='line_1_2' title="bbox 412 469 2253 551; baseline -0.002 -20"><span class='ocrx_word' id='word_1_4' title='bbox 412 473 730 551; x_wconf 74' lang='lat' dir='ltr'><strong>quaestionis</strong></span> <span class='ocrx_word' id='word_1_5' title='bbox 757 477 923 544; x_wconf 89' lang='lat' dir='ltr'><strong>esset,</strong></span> <span class='ocrx_word' id='word_1_6' title='bbox 953 477 1041 527; x_wconf 88' lang='lat' dir='ltr'><strong>est</strong></span> <span class='ocrx_word' id='word_1_7' title='bbox 1065 477 1317 528; x_wconf 86' lang='lat' dir='ltr'><strong>mortuus</strong></span> <span class='ocrx_word' id='word_1_8' title='bbox 1344 490 1357 527; x_wconf 92' lang='lat'><strong>:</strong></span> <span class='ocrx_word' id='word_1_9' title='bbox 1381 473 1440 528; x_wconf 91' lang='lat' dir='ltr'><strong>in</strong></span> <span class='ocrx_word' id='word_1_10' title='bbox 1475 486 1583 544; x_wconf 86' lang='lat' dir='ltr'><strong>quo</strong></span> <span class='ocrx_word' id='word_1_11' title='bbox 1609 471 1788 529; x_wconf 81' lang='lat' dir='ltr'><strong>fateor</strong></span> <span class='ocrx_word' id='word_1_12' title='bbox 1811 469 1964 541; x_wconf 82' lang='lat' dir='ltr'><strong>vulgi</strong></span> <span class='ocrx_word' id='word_1_13' title='bbox 1979 469 2253 543; x_wconf 83' lang='lat' dir='ltr'><strong>judicium</strong></span> 
     </span>
     <span class='ocr_line' id='line_1_3' title="bbox 413 571 2257 648; baseline -0.003 -16"><span class='ocrx_word' id='word_1_14' title='bbox 413 591 449 632; x_wconf 82' lang='lat' dir='ltr'><strong>a</strong></span> <span class='ocrx_word' id='word_1_15' title='bbox 479 573 691 648; x_wconf 85' lang='lat' dir='ltr'><strong>judicio</strong></span> <span class='ocrx_word' id='word_1_16' title='bbox 728 589 856 630; x_wconf 89' lang='lat' dir='ltr'><strong>meo</strong></span> <span class='ocrx_word' id='word_1_17' title='bbox 884 574 1210 630; x_wconf 81' lang='lat' dir='ltr'><strong>dissensisse</strong></span> <span class='ocrx_word' id='word_1_18' title='bbox 1237 590 1250 627; x_wconf 90' lang='lat'><strong>:</strong></span> <span class='ocrx_word' id='word_1_19' title='bbox 1273 588 1406 628; x_wconf 87' lang='lat' dir='ltr'><strong>nam</strong></span> <span class='ocrx_word' id='word_1_20' title='bbox 1440 571 1646 644; x_wconf 89' lang='lat' dir='ltr'><strong>populo</strong></span> <span class='ocrx_word' id='word_1_21' title='bbox 1671 587 1784 627; x_wconf 87' lang='lat' dir='ltr'><strong>uon</strong></span> <span class='ocrx_word' id='word_1_22' title='bbox 1812 577 1934 627; x_wconf 87' lang='lat' dir='ltr'><strong>erat</strong></span> <span class='ocrx_word' id='word_1_23' title='bbox 1958 571 2094 627; x_wconf 90' lang='lat' dir='ltr'><strong>satis</strong></span> <span class='ocrx_word' id='word_1_24' title='bbox 2116 587 2257 627; x_wconf 86' lang='lat' dir='ltr'><strong>ven-</strong></span> 
     </span>
     <span class='ocr_line' id='line_1_4' title="bbox 414 671 2259 746; baseline -0.002 -16"><span class='ocrx_word' id='word_1_25' title='bbox 414 673 599 730; x_wconf 84' lang='lat' dir='ltr'><strong>dibilis</strong></span> <span class='ocrx_word' id='word_1_26' title='bbox 626 692 642 731; x_wconf 90' lang='lat'>:</span> <span class='ocrx_word' id='word_1_27' title='bbox 668 689 916 746; x_wconf 77' lang='lat' dir='ltr'><strong>praeceps</strong></span> <span class='ocrx_word' id='word_1_28' title='bbox 958 672 1232 746; x_wconf 78' lang='lat' dir='ltr'><strong>quaedam,</strong></span> <span class='ocrx_word' id='word_1_29' title='bbox 1277 678 1336 728; x_wconf 88' lang='lat' dir='ltr'><strong>et</strong></span> <span class='ocrx_word' id='word_1_30' title='bbox 1375 688 1546 745; x_wconf 85' lang='lat' dir='ltr'><strong>quum</strong></span> <span class='ocrx_word' id='word_1_31' title='bbox 1587 672 1791 728; x_wconf 87' lang='lat' dir='ltr'><strong>idcirco</strong></span> <span class='ocrx_word' id='word_1_32' title='bbox 1831 671 2088 743; x_wconf 83' lang='lat' dir='ltr'><strong>obseura,</strong></span> <span class='ocrx_word' id='word_1_33' title='bbox 2126 672 2259 744; x_wconf 89' lang='lat' dir='ltr'><strong>quia</strong></span> 
     </span>
     <span class='ocr_line' id='line_1_5' title="bbox 411 771 2257 848; baseline -0.002 -18"><span class='ocrx_word' id='word_1_34' title='bbox 411 779 694 848; x_wconf 85' lang='lat' dir='ltr'><strong>peracuta,</strong></span> <span class='ocrx_word' id='word_1_35' title='bbox 721 780 842 831; x_wconf 85' lang='lat' dir='ltr'><strong>tum</strong></span> <span class='ocrx_word' id='word_1_36' title='bbox 863 774 1079 846; x_wconf 89' lang='lat' dir='ltr'><strong>rapida,</strong></span> <span class='ocrx_word' id='word_1_37' title='bbox 1106 779 1162 830; x_wconf 89' lang='lat' dir='ltr'><strong>et</strong></span> <span class='ocrx_word' id='word_1_38' title='bbox 1187 772 1469 830; x_wconf 88' lang='lat' dir='ltr'><strong>celeritate</strong></span> <span class='ocrx_word' id='word_1_39' title='bbox 1496 779 1699 829; x_wconf 78' lang='lat' dir='ltr'><strong>caecata</strong></span> <span class='ocrx_word' id='word_1_40' title='bbox 1715 771 1919 840; x_wconf 89' lang='lat' dir='ltr'><strong>oratio;</strong></span> <span class='ocrx_word' id='word_1_41' title='bbox 1946 772 2049 828; x_wconf 88' lang='lat' dir='ltr'><strong>sed</strong></span> <span class='ocrx_word' id='word_1_42' title='bbox 2076 788 2257 843; x_wconf 87' lang='lat' dir='ltr'><strong>neque</strong></span> 
     </span>
     <span class='ocr_line' id='line_1_6' title="bbox 414 871 2264 946; baseline -0.003 -14"><span class='ocrx_word' id='word_1_43' title='bbox 414 874 600 932; x_wconf 83' lang='lat' dir='ltr'><strong>verbis</strong></span> <span class='ocrx_word' id='word_1_44' title='bbox 637 875 908 946; x_wconf 83' lang='lat' dir='ltr'><strong>aptiorem</strong></span> <span class='ocrx_word' id='word_1_45' title='bbox 948 875 1056 932; x_wconf 88' lang='lat' dir='ltr'><strong>cito</strong></span> <span class='ocrx_word' id='word_1_46' title='bbox 1099 873 1269 930; x_wconf 89' lang='lat' dir='ltr'><strong>alium</strong></span> <span class='ocrx_word' id='word_1_47' title='bbox 1307 872 1560 945; x_wconf 84' lang='lat' dir='ltr'><strong>dixerim,</strong></span> <span class='ocrx_word' id='word_1_48' title='bbox 1590 888 1770 945; x_wconf 89' lang='lat' dir='ltr'><strong>neque</strong></span> <span class='ocrx_word' id='word_1_49' title='bbox 1809 871 2101 929; x_wconf 82' lang='lat' dir='ltr'><strong>sententiis</strong></span> <span class='ocrx_word' id='word_1_50' title='bbox 2146 888 2264 928; x_wconf 90' lang='lat' dir='ltr'><strong>cre-</strong></span> 
     </span>
     <span class='ocr_line' id='line_1_7' title="bbox 411 972 2261 1047; baseline -0.001 -16"><span class='ocrx_word' id='word_1_51' title='bbox 411 975 677 1032; x_wconf 88' lang='lat' dir='ltr'><strong>briorem.</strong></span> <span class='ocrx_word' id='word_1_52' title='bbox 705 978 983 1033; x_wconf 83' lang='lat' dir='ltr'><strong>Praeterea</strong></span> <span class='ocrx_word' id='word_1_53' title='bbox 1014 974 1293 1047; x_wconf 87' lang='lat' dir='ltr'><strong>perfectus</strong></span> <span class='ocrx_word' id='word_1_54' title='bbox 1324 973 1382 1028; x_wconf 94' lang='lat' dir='ltr'><strong>in</strong></span> <span class='ocrx_word' id='word_1_55' title='bbox 1417 973 1638 1046; x_wconf 87' lang='lat' dir='ltr'><strong>litteris,</strong></span> <span class='ocrx_word' id='word_1_56' title='bbox 1661 972 1916 1046; x_wconf 86' lang='lat' dir='ltr'><strong>jurisque</strong></span> <span class='ocrx_word' id='word_1_57' title='bbox 1939 972 2125 1030; x_wconf 80' lang='lat' dir='ltr'><strong>civilis</strong></span> <span class='ocrx_word' id='word_1_58' title='bbox 2143 974 2261 1046; x_wconf 84' lang='lat' dir='ltr'><strong>jam</strong></span> 
     </span>
     <span class='ocr_line' id='line_1_8' title="bbox 415 1074 1805 1149; baseline -0.003 -15"><span class='ocrx_word' id='word_1_59' title='bbox 415 1092 449 1133; x_wconf 91' lang='lat' dir='ltr'><strong>a</strong></span> <span class='ocrx_word' id='word_1_60' title='bbox 469 1083 625 1149; x_wconf 89' lang='lat' dir='ltr'><strong>patre</strong></span> <span class='ocrx_word' id='word_1_61' title='bbox 652 1076 930 1134; x_wconf 81' lang='lat' dir='ltr'><strong>Aculeone</strong></span> <span class='ocrx_word' id='word_1_62' title='bbox 950 1075 1207 1132; x_wconf 83' lang='lat' dir='ltr'><strong>traditam</strong></span> <span class='ocrx_word' id='word_1_63' title='bbox 1235 1075 1415 1131; x_wconf 88' lang='lat' dir='ltr'><strong>tenuit</strong></span> <span class='ocrx_word' id='word_1_64' title='bbox 1438 1074 1805 1146; x_wconf 80' lang='lat' dir='ltr'><strong>disciplinam.</strong></span> 
     </span>
    </p>

    <p class='ocr_par' dir='ltr' id='par_1_3' title="bbox 412 1175 2267 1854">
     <span class='ocr_line' id='line_1_9' title="bbox 483 1175 2264 1252; baseline -0.002 -17"><span class='ocrx_word' id='word_1_65' title='bbox 483 1177 709 1252; x_wconf 83' lang='lat' dir='ltr'><strong>Reliqui</strong></span> <span class='ocrx_word' id='word_1_66' title='bbox 734 1182 882 1250; x_wconf 87' lang='lat' dir='ltr'><strong>sunt,</strong></span> <span class='ocrx_word' id='word_1_67' title='bbox 913 1176 1010 1250; x_wconf 76' lang='lat' dir='ltr'><strong>qui</strong></span> <span class='ocrx_word' id='word_1_68' title='bbox 1038 1176 1245 1232; x_wconf 91' lang='lat' dir='ltr'><strong>mortui</strong></span> <span class='ocrx_word' id='word_1_69' title='bbox 1271 1175 1406 1247; x_wconf 84' lang='lat' dir='ltr'><strong>sint,</strong></span> <span class='ocrx_word' id='word_1_70' title='bbox 1432 1178 1495 1230; x_wconf 90' lang='lat' dir='ltr'><strong>L.</strong></span> <span class='ocrx_word' id='word_1_71' title='bbox 1523 1178 1854 1250; x_wconf 78' lang='lat' dir='ltr'><strong>Torquatus,</strong></span> <span class='ocrx_word' id='word_1_72' title='bbox 1880 1192 2049 1248; x_wconf 87' lang='lat' dir='ltr'><strong>quem</strong></span> <span class='ocrx_word' id='word_1_73' title='bbox 2069 1181 2131 1231; x_wconf 92' lang='lat' dir='ltr'><strong>tu</strong></span> <span class='ocrx_word' id='word_1_74' title='bbox 2154 1193 2264 1234; x_wconf 91' lang='lat' dir='ltr'><strong>non</strong></span> 
     </span>
     <span class='ocr_line' id='line_1_10' title="bbox 412 1275 2262 1348; baseline -0.002 -13"><span class='ocrx_word' id='word_1_75' title='bbox 412 1282 530 1335; x_wconf 84' lang='lat' dir='ltr'><strong>tam</strong></span> <span class='ocrx_word' id='word_1_76' title='bbox 554 1278 663 1334; x_wconf 85' lang='lat' dir='ltr'><strong>cito</strong></span> <span class='ocrx_word' id='word_1_77' title='bbox 689 1277 969 1334; x_wconf 86' lang='lat' dir='ltr'><strong>rhetorem</strong></span> <span class='ocrx_word' id='word_1_78' title='bbox 1006 1275 1236 1332; x_wconf 83' lang='lat' dir='ltr'><strong>dixisses</strong></span> <span class='ocrx_word' id='word_1_79' title='bbox 1276 1275 1404 1345; x_wconf 89' lang='lat' dir='ltr'><strong>(etsi</strong></span> <span class='ocrx_word' id='word_1_80' title='bbox 1437 1291 1548 1331; x_wconf 90' lang='lat' dir='ltr'><strong>non</strong></span> <span class='ocrx_word' id='word_1_81' title='bbox 1585 1276 1777 1332; x_wconf 88' lang='lat' dir='ltr'><strong>deerat</strong></span> <span class='ocrx_word' id='word_1_82' title='bbox 1817 1275 2038 1347; x_wconf 79' lang='lat' dir='ltr'><strong>oratio),</strong></span> <span class='ocrx_word' id='word_1_83' title='bbox 2068 1292 2262 1348; x_wconf 85' lang='lat' dir='ltr'><strong>quam,</strong></span> 
     </span>
     <span class='ocr_line' id='line_1_11' title="bbox 414 1376 2264 1449; baseline -0.001 -15"><span class='ocrx_word' id='word_1_84' title='bbox 414 1383 478 1434; x_wconf 88' lang='lat' dir='ltr'><strong>ut</strong></span> <span class='ocrx_word' id='word_1_85' title='bbox 508 1379 684 1434; x_wconf 80' lang='lat' dir='ltr'><strong>Graeci</strong></span> <span class='ocrx_word' id='word_1_86' title='bbox 706 1378 914 1449; x_wconf 88' lang='lat' dir='ltr'><strong>dicunt,</strong></span> <span class='ocrx_word' id='word_1_87' title='bbox 935 1379 1206 1433; x_wconf 79' lang='grc' dir='ltr'><strong>πολιτικόν.</strong></span> <span class='ocrx_word' id='word_1_88' title='bbox 1235 1379 1402 1433; x_wconf 83' lang='lat' dir='ltr'><strong>Erant</strong></span> <span class='ocrx_word' id='word_1_89' title='bbox 1423 1376 1482 1432; x_wconf 90' lang='lat' dir='ltr'><strong>in</strong></span> <span class='ocrx_word' id='word_1_90' title='bbox 1512 1392 1579 1433; x_wconf 90' lang='lat' dir='ltr'><strong>eo</strong></span> <span class='ocrx_word' id='word_1_91' title='bbox 1605 1376 1861 1449; x_wconf 83' lang='lat' dir='ltr'><strong>plurimae</strong></span> <span class='ocrx_word' id='word_1_92' title='bbox 1899 1377 2124 1444; x_wconf 79' lang='lat' dir='ltr'><strong>litterae,</strong></span> <span class='ocrx_word' id='word_1_93' title='bbox 2159 1394 2264 1433; x_wconf 87' lang='lat' dir='ltr'><strong>uec</strong></span> 
     </span>
     <span class='ocr_line' id='line_1_12' title="bbox 415 1476 2267 1550; baseline 0.001 -16"><span class='ocrx_word' id='word_1_94' title='bbox 415 1493 497 1534; x_wconf 79' lang='lat' dir='ltr'><strong>eae</strong></span> <span class='ocrx_word' id='word_1_95' title='bbox 530 1476 811 1550; x_wconf 79' lang='lat' dir='ltr'><strong>vulgares,</strong></span> <span class='ocrx_word' id='word_1_96' title='bbox 851 1477 951 1533; x_wconf 88' lang='lat' dir='ltr'><strong>sed</strong></span> <span class='ocrx_word' id='word_1_97' title='bbox 985 1477 1277 1534; x_wconf 85' lang='lat' dir='ltr'><strong>interiores</strong></span> <span class='ocrx_word' id='word_1_98' title='bbox 1314 1477 1570 1549; x_wconf 86' lang='lat' dir='ltr'><strong>quaedam</strong></span> <span class='ocrx_word' id='word_1_99' title='bbox 1609 1482 1665 1533; x_wconf 90' lang='lat' dir='ltr'><strong>et</strong></span> <span class='ocrx_word' id='word_1_100' title='bbox 1705 1478 2006 1535; x_wconf 83' lang='lat' dir='ltr'><strong>reconditae</strong></span> <span class='ocrx_word' id='word_1_101' title='bbox 2033 1496 2049 1548; x_wconf 80' lang='lat'>3</span> <span class='ocrx_word' id='word_1_102' title='bbox 2078 1479 2267 1537; x_wconf 83' lang='lat' dir='ltr'><strong>divina</strong></span> 
     </span>
     <span class='ocr_line' id='line_1_13' title="bbox 413 1577 2264 1653; baseline 0.001 -19"><span class='ocrx_word' id='word_1_103' title='bbox 413 1577 703 1644; x_wconf 88' lang='lat' dir='ltr'><strong>memoria;</strong></span> <span class='ocrx_word' id='word_1_104' title='bbox 734 1593 953 1634; x_wconf 87' lang='lat' dir='ltr'><strong>summa</strong></span> <span class='ocrx_word' id='word_1_105' title='bbox 975 1577 1276 1635; x_wconf 85' lang='lat' dir='ltr'><strong>verborum</strong></span> <span class='ocrx_word' id='word_1_106' title='bbox 1305 1584 1361 1633; x_wconf 87' lang='lat' dir='ltr'><strong>et</strong></span> <span class='ocrx_word' id='word_1_107' title='bbox 1387 1578 1633 1648; x_wconf 79' lang='lat' dir='ltr'><strong>gravitas</strong></span> <span class='ocrx_word' id='word_1_108' title='bbox 1656 1583 1712 1635; x_wconf 89' lang='lat' dir='ltr'><strong>et</strong></span> <span class='ocrx_word' id='word_1_109' title='bbox 1740 1578 2055 1650; x_wconf 84' lang='lat' dir='ltr'><strong>elegantia;</strong></span> <span class='ocrx_word' id='word_1_110' title='bbox 2092 1586 2264 1653; x_wconf 87' lang='lat' dir='ltr'><strong>atque</strong></span> 
     </span>
     <span class='ocr_line' id='line_1_14' title="bbox 413 1678 2264 1753; baseline 0.001 -17"><span class='ocrx_word' id='word_1_111' title='bbox 413 1679 534 1736; x_wconf 85' lang='lat' dir='ltr'><strong>haec</strong></span> <span class='ocrx_word' id='word_1_112' title='bbox 562 1679 747 1735; x_wconf 87' lang='lat' dir='ltr'><strong>omnia</strong></span> <span class='ocrx_word' id='word_1_113' title='bbox 772 1679 900 1736; x_wconf 76' lang='lat' dir='ltr'><strong>vitae</strong></span> <span class='ocrx_word' id='word_1_114' title='bbox 927 1678 1222 1736; x_wconf 80' lang='lat' dir='ltr'><strong>decorabat</strong></span> <span class='ocrx_word' id='word_1_115' title='bbox 1248 1678 1490 1750; x_wconf 84' lang='lat' dir='ltr'><strong>dignitas</strong></span> <span class='ocrx_word' id='word_1_116' title='bbox 1516 1685 1572 1736; x_wconf 89' lang='lat' dir='ltr'><strong>et</strong></span> <span class='ocrx_word' id='word_1_117' title='bbox 1597 1679 1901 1752; x_wconf 80' lang='lat' dir='ltr'><strong>integritas.</strong></span> <span class='ocrx_word' id='word_1_118' title='bbox 1929 1681 2021 1736; x_wconf 86' lang='lat' dir='ltr'><strong>Me</strong></span> <span class='ocrx_word' id='word_1_119' title='bbox 2036 1681 2264 1753; x_wconf 77' lang='lat' dir='ltr'><strong>quidem</strong></span> 
     </span>
     <span class='ocr_line' id='line_1_15' title="bbox 412 1770 2265 1854; baseline 0.001 -17"><span class='ocrx_word' id='word_1_120' title='bbox 412 1780 712 1837; x_wconf 88' lang='lat' dir='ltr'><strong>admodum</strong></span> <span class='ocrx_word' id='word_1_121' title='bbox 739 1770 1053 1837; x_wconf 84' lang='lat' dir='ltr'><strong>delectabat</strong></span> <span class='ocrx_word' id='word_1_122' title='bbox 1072 1779 1239 1836; x_wconf 85' lang='lat' dir='ltr'><strong>etiam</strong></span> <span class='ocrx_word' id='word_1_123' title='bbox 1268 1779 1488 1850; x_wconf 88' lang='lat' dir='ltr'><strong>Triarii,</strong></span> <span class='ocrx_word' id='word_1_124' title='bbox 1518 1781 1577 1837; x_wconf 90' lang='lat' dir='ltr'><strong>in</strong></span> <span class='ocrx_word' id='word_1_125' title='bbox 1589 1780 1688 1838; x_wconf 87' lang='lat' dir='ltr'><strong>illa</strong></span> <span class='ocrx_word' id='word_1_126' title='bbox 1712 1786 1892 1852; x_wconf 81' lang='lat' dir='ltr'><strong>aetate,</strong></span> <span class='ocrx_word' id='word_1_127' title='bbox 1920 1781 2086 1854; x_wconf 89' lang='lat' dir='ltr'><strong>plena</strong></span> <span class='ocrx_word' id='word_1_128' title='bbox 2109 1782 2265 1839; x_wconf 89' lang='lat' dir='ltr'><strong>litte-</strong></span> 
     </span>
    </p>
   </div>
   <div class='ocr_carea' id='block_1_3' title="bbox 404 2031 2266 3546">
    <p class='ocr_par' dir='ltr' id='par_1_4' title="bbox 406 2031 2266 2674">
     <span class='ocr_line' id='line_1_16' title="bbox 412 2031 2266 2098; baseline 0.004 -18"><span class='ocrx_word' id='word_1_129' title='bbox 412 2033 560 2095; x_wconf 83' lang='lat' dir='ltr'><strong>quele</strong></span> <span class='ocrx_word' id='word_1_130' title='bbox 580 2034 835 2098; x_wconf 74' lang='lat' dir='ltr'><strong>jugement</strong></span> <span class='ocrx_word' id='word_1_131' title='bbox 851 2031 918 2081; x_wconf 90' lang='lat' dir='ltr'><strong>du</strong></span> <span class='ocrx_word' id='word_1_132' title='bbox 938 2033 1111 2096; x_wconf 83' lang='lat' dir='ltr'><strong>peuple</strong></span> <span class='ocrx_word' id='word_1_133' title='bbox 1132 2035 1164 2081; x_wconf 66' lang='lat' dir='ltr'><strong>is</strong></span> <span class='ocrx_word' id='word_1_134' title='bbox 1180 2048 1269 2083; x_wconf 86' lang='lat' dir='ltr'><strong>son</strong></span> <span class='ocrx_word' id='word_1_135' title='bbox 1288 2034 1443 2098; x_wconf 62' lang='lat' dir='ltr'><strong>&amp;gard</strong></span> <span class='ocrx_word' id='word_1_136' title='bbox 1465 2033 1678 2084; x_wconf 71' lang='lat' dir='ltr'><strong>differ-sit</strong></span> <span class='ocrx_word' id='word_1_137' title='bbox 1698 2033 1766 2084; x_wconf 85' lang='lat' dir='ltr'><strong>du</strong></span> <span class='ocrx_word' id='word_1_138' title='bbox 1786 2036 1917 2085; x_wconf 87' lang='lat' dir='ltr'><strong>mieu</strong></span> <span class='ocrx_word' id='word_1_139' title='bbox 1938 2053 1952 2095; x_wconf 77' lang='grc' dir='ltr'>ς</span> <span class='ocrx_word' id='word_1_140' title='bbox 1990 2052 2075 2085; x_wconf 81' lang='lat' dir='ltr'><strong>car</strong></span> <span class='ocrx_word' id='word_1_141' title='bbox 2094 2040 2133 2086; x_wconf 89' lang='lat' dir='ltr'><strong>il</strong></span> <span class='ocrx_word' id='word_1_142' title='bbox 2146 2040 2266 2087; x_wconf 60' lang='lat' dir='ltr'><strong>&amp;tait</strong></span> 
     </span>
     <span class='ocr_line' id='line_1_17' title="bbox 411 2127 2265 2194; baseline 0.003 -17"><span class='ocrx_word' id='word_1_143' title='bbox 411 2142 507 2192; x_wconf 78' lang='lat' dir='ltr'><strong>peu</strong></span> <span class='ocrx_word' id='word_1_144' title='bbox 528 2130 677 2192; x_wconf 61' lang='lat' dir='ltr'><strong>gout&amp;</strong></span> <span class='ocrx_word' id='word_1_145' title='bbox 697 2128 762 2178; x_wconf 91' lang='lat' dir='ltr'><strong>du</strong></span> <span class='ocrx_word' id='word_1_146' title='bbox 781 2128 965 2193; x_wconf 82' lang='lat' dir='ltr'><strong>publio.</strong></span> <span class='ocrx_word' id='word_1_147' title='bbox 997 2127 1096 2178; x_wconf 83' lang='lat' dir='ltr'><strong>Son</strong></span> <span class='ocrx_word' id='word_1_148' title='bbox 1114 2130 1241 2193; x_wconf 80' lang='lat' dir='ltr'><strong>style</strong></span> <span class='ocrx_word' id='word_1_149' title='bbox 1258 2129 1542 2194; x_wconf 74' lang='lat' dir='ltr'><strong>impetueux</strong></span> <span class='ocrx_word' id='word_1_150' title='bbox 1561 2131 1682 2181; x_wconf 77' lang='lat' dir='ltr'><strong>etsit</strong></span> <span class='ocrx_word' id='word_1_151' title='bbox 1703 2132 1882 2181; x_wconf 80' lang='lat' dir='ltr'><strong>obscur</strong></span> <span class='ocrx_word' id='word_1_152' title='bbox 1905 2135 1936 2180; x_wconf 67' lang='lat' dir='ltr'><strong>a</strong></span> <span class='ocrx_word' id='word_1_153' title='bbox 1955 2132 2088 2184; x_wconf 85' lang='lat' dir='ltr'><strong>force</strong></span> <span class='ocrx_word' id='word_1_154' title='bbox 2113 2133 2174 2182; x_wconf 88' lang='lat' dir='ltr'><strong>de</strong></span> <span class='ocrx_word' id='word_1_155' title='bbox 2195 2134 2265 2181; x_wconf 85' lang='lat' dir='ltr'><strong>fi-</strong></span> 
     </span>
     <span class='ocr_line' id='line_1_18' title="bbox 410 2224 2264 2290; baseline 0.003 -17"><span class='ocrx_word' id='word_1_156' title='bbox 410 2237 565 2285; x_wconf 77' lang='lat' dir='ltr'><strong>uesse,</strong></span> <span class='ocrx_word' id='word_1_157' title='bbox 593 2231 643 2274; x_wconf 85' lang='lat' dir='ltr'><strong>et</strong></span> <span class='ocrx_word' id='word_1_158' title='bbox 662 2238 738 2273; x_wconf 85' lang='lat' dir='ltr'><strong>ses</strong></span> <span class='ocrx_word' id='word_1_159' title='bbox 757 2225 953 2288; x_wconf 71' lang='lat' dir='ltr'><strong>penaeas</strong></span> <span class='ocrx_word' id='word_1_160' title='bbox 968 2224 1286 2289; x_wconf 74' lang='lat' dir='ltr'><strong>eohsppsient</strong></span> <span class='ocrx_word' id='word_1_161' title='bbox 1301 2225 1424 2275; x_wconf 80' lang='lat' dir='ltr'><strong>daus</strong></span> <span class='ocrx_word' id='word_1_162' title='bbox 1444 2227 1497 2276; x_wconf 73' lang='lat' dir='ltr'><strong>la</strong></span> <span class='ocrx_word' id='word_1_163' title='bbox 1515 2227 1724 2290; x_wconf 73' lang='lat' dir='ltr'><strong>rapidite</strong></span> <span class='ocrx_word' id='word_1_164' title='bbox 1752 2227 1812 2277; x_wconf 85' lang='lat' dir='ltr'><strong>de</strong></span> <span class='ocrx_word' id='word_1_165' title='bbox 1827 2243 1914 2277; x_wconf 88' lang='lat' dir='ltr'><strong>son</strong></span> <span class='ocrx_word' id='word_1_166' title='bbox 1941 2228 2099 2288; x_wconf 75' lang='lat' dir='ltr'><strong>debit3</strong></span> <span class='ocrx_word' id='word_1_167' title='bbox 2131 2232 2264 2279; x_wconf 84' lang='lat' dir='ltr'><strong>mais</strong></span> 
     </span>
     <span class='ocr_line' id='line_1_19' title="bbox 406 2318 2263 2390; baseline 0.003 -22"><span class='ocrx_word' id='word_1_168' title='bbox 406 2318 461 2384; x_wconf 82' lang='lat' dir='ltr'><strong>je</strong></span> <span class='ocrx_word' id='word_1_169' title='bbox 487 2321 680 2370; x_wconf 77' lang='lat' dir='ltr'><strong>citersis</strong></span> <span class='ocrx_word' id='word_1_170' title='bbox 714 2319 1048 2371; x_wconf 84' lang='lat' dir='ltr'><strong>difficilement</strong></span> <span class='ocrx_word' id='word_1_171' title='bbox 1068 2337 1140 2371; x_wconf 87' lang='lat' dir='ltr'><strong>un</strong></span> <span class='ocrx_word' id='word_1_172' title='bbox 1161 2331 1357 2372; x_wconf 80' lang='lat' dir='ltr'><strong>orateur</strong></span> <span class='ocrx_word' id='word_1_173' title='bbox 1376 2324 1462 2386; x_wconf 90' lang='lat' dir='ltr'><strong>qui</strong></span> <span class='ocrx_word' id='word_1_174' title='bbox 1488 2324 1536 2372; x_wconf 83' lang='lat' dir='ltr'><strong>le</strong></span> <span class='ocrx_word' id='word_1_175' title='bbox 1558 2327 1812 2388; x_wconf 72' lang='lat' dir='ltr'><strong>surpassat</strong></span> <span class='ocrx_word' id='word_1_176' title='bbox 1834 2340 1956 2390; x_wconf 84' lang='lat' dir='ltr'><strong>pour</strong></span> <span class='ocrx_word' id='word_1_177' title='bbox 1973 2326 2023 2373; x_wconf 82' lang='lat' dir='ltr'><strong>ls</strong></span> <span class='ocrx_word' id='word_1_178' title='bbox 2038 2326 2263 2388; x_wconf 81' lang='lat' dir='ltr'><strong>justesse</strong></span> 
     </span>
     <span class='ocr_line' id='line_1_20' title="bbox 410 2416 2263 2482; baseline 0.003 -17"><span class='ocrx_word' id='word_1_179' title='bbox 410 2416 495 2466; x_wconf 87' lang='lat' dir='ltr'><strong>des</strong></span> <span class='ocrx_word' id='word_1_180' title='bbox 517 2419 825 2482; x_wconf 80' lang='lat' dir='ltr'><strong>expressions</strong></span> <span class='ocrx_word' id='word_1_181' title='bbox 843 2426 892 2467; x_wconf 89' lang='lat' dir='ltr'><strong>et</strong></span> <span class='ocrx_word' id='word_1_182' title='bbox 904 2419 1223 2469; x_wconf 80' lang='lat' dir='ltr'><strong>l&#39;abondsuoe</strong></span> <span class='ocrx_word' id='word_1_183' title='bbox 1250 2420 1333 2469; x_wconf 84' lang='lat' dir='ltr'><strong>des</strong></span> <span class='ocrx_word' id='word_1_184' title='bbox 1353 2419 1499 2470; x_wconf 74' lang='lat' dir='ltr'><strong>ideas.</strong></span> <span class='ocrx_word' id='word_1_185' title='bbox 1519 2420 1566 2470; x_wconf 92' lang='lat' dir='ltr'><strong>Il</strong></span> <span class='ocrx_word' id='word_1_186' title='bbox 1585 2420 1706 2469; x_wconf 77' lang='lat' dir='ltr'><strong>etait</strong></span> <span class='ocrx_word' id='word_1_187' title='bbox 1727 2420 1970 2471; x_wconf 79' lang='lat' dir='ltr'><strong>d’ailleurs</strong></span> <span class='ocrx_word' id='word_1_188' title='bbox 1978 2425 2263 2470; x_wconf 73' lang='lat' dir='ltr'><strong>consumme</strong></span> 
     </span>
     <span class='ocr_line' id='line_1_21' title="bbox 409 2511 2266 2582; baseline 0.005 -22"><span class='ocrx_word' id='word_1_189' title='bbox 409 2511 533 2561; x_wconf 75' lang='lat' dir='ltr'><strong>daus</strong></span> <span class='ocrx_word' id='word_1_190' title='bbox 560 2516 611 2563; x_wconf 80' lang='lat' dir='ltr'><strong>la</strong></span> <span class='ocrx_word' id='word_1_191' title='bbox 631 2514 902 2564; x_wconf 78' lang='lat' dir='ltr'><strong>litterature</strong></span> <span class='ocrx_word' id='word_1_192' title='bbox 922 2523 970 2564; x_wconf 91' lang='lat' dir='ltr'><strong>et</strong></span> <span class='ocrx_word' id='word_1_193' title='bbox 991 2517 1193 2565; x_wconf 81' lang='lat' dir='ltr'><strong>instruit</strong></span> <span class='ocrx_word' id='word_1_194' title='bbox 1221 2516 1344 2564; x_wconf 80' lang='lat' dir='ltr'><strong>dans</strong></span> <span class='ocrx_word' id='word_1_195' title='bbox 1366 2517 1412 2565; x_wconf 91' lang='lat' dir='ltr'><strong>le</strong></span> <span class='ocrx_word' id='word_1_196' title='bbox 1432 2516 1562 2566; x_wconf 86' lang='lat' dir='ltr'><strong>droit</strong></span> <span class='ocrx_word' id='word_1_197' title='bbox 1580 2517 1716 2579; x_wconf 79' lang='lat' dir='ltr'><strong>civil,</strong></span> <span class='ocrx_word' id='word_1_198' title='bbox 1753 2516 1875 2568; x_wconf 83' lang='lat' dir='ltr'><strong>dont</strong></span> <span class='ocrx_word' id='word_1_199' title='bbox 1895 2533 1982 2567; x_wconf 91' lang='lat' dir='ltr'><strong>son</strong></span> <span class='ocrx_word' id='word_1_200' title='bbox 2004 2519 2117 2582; x_wconf 72' lang='lat' dir='ltr'><strong>pere</strong></span> <span class='ocrx_word' id='word_1_201' title='bbox 2132 2518 2266 2569; x_wconf 78' lang='lat' dir='ltr'><strong>Acu-</strong></span> 
     </span>
     <span class='ocr_line' id='line_1_22' title="bbox 408 2608 1413 2674; baseline 0.004 -19"><span class='ocrx_word' id='word_1_202' title='bbox 408 2608 519 2657; x_wconf 75' lang='lat' dir='ltr'><strong>leou</strong></span> <span class='ocrx_word' id='word_1_203' title='bbox 542 2610 615 2658; x_wconf 87' lang='lat' dir='ltr'><strong>lui</strong></span> <span class='ocrx_word' id='word_1_204' title='bbox 646 2611 780 2659; x_wconf 73' lang='lat' dir='ltr'><strong>avait</strong></span> <span class='ocrx_word' id='word_1_205' title='bbox 807 2609 1035 2674; x_wconf 74' lang='lat' dir='ltr'><strong>enseigue</strong></span> <span class='ocrx_word' id='word_1_206' title='bbox 1061 2612 1132 2659; x_wconf 77' lang='lat' dir='ltr'><strong>les</strong></span> <span class='ocrx_word' id='word_1_207' title='bbox 1152 2611 1413 2674; x_wconf 85' lang='lat' dir='ltr'><strong>principes.</strong></span> 
     </span>
    </p>

    <p class='ocr_par' dir='ltr' id='par_1_5' title="bbox 404 2703 2266 3546">
     <span class='ocr_line' id='line_1_23' title="bbox 475 2703 2261 2774; baseline 0.006 -23"><span class='ocrx_word' id='word_1_208' title='bbox 475 2703 619 2753; x_wconf 85' lang='lat' dir='ltr'><strong>Reste</strong></span> <span class='ocrx_word' id='word_1_209' title='bbox 637 2719 828 2767; x_wconf 85' lang='lat' dir='ltr'><strong>encore,</strong></span> <span class='ocrx_word' id='word_1_210' title='bbox 851 2707 1009 2769; x_wconf 79' lang='lat' dir='ltr'><strong>parmi</strong></span> <span class='ocrx_word' id='word_1_211' title='bbox 1033 2721 1156 2755; x_wconf 75' lang='lat' dir='ltr'><strong>ceux</strong></span> <span class='ocrx_word' id='word_1_212' title='bbox 1170 2707 1257 2769; x_wconf 90' lang='lat' dir='ltr'><strong>qui</strong></span> <span class='ocrx_word' id='word_1_213' title='bbox 1275 2713 1388 2754; x_wconf 86' lang='lat' dir='ltr'><strong>sont</strong></span> <span class='ocrx_word' id='word_1_214' title='bbox 1420 2713 1595 2768; x_wconf 81' lang='lat' dir='ltr'><strong>morte,</strong></span> <span class='ocrx_word' id='word_1_215' title='bbox 1632 2708 1691 2760; x_wconf 85' lang='lat' dir='ltr'><strong>L.</strong></span> <span class='ocrx_word' id='word_1_216' title='bbox 1717 2708 2023 2771; x_wconf 80' lang='lat' dir='ltr'><strong>Torquatus,</strong></span> <span class='ocrx_word' id='word_1_217' title='bbox 2050 2713 2082 2759; x_wconf 74' lang='grc' dir='ltr'><strong>ὲ,</strong></span> <span class='ocrx_word' id='word_1_218' title='bbox 2102 2713 2189 2774; x_wconf 85' lang='lat' dir='ltr'><strong>qui</strong></span> <span class='ocrx_word' id='word_1_219' title='bbox 2212 2714 2261 2762; x_wconf 93' lang='lat' dir='ltr'><strong>le</strong></span> 
     </span>
     <span class='ocr_line' id='line_1_24' title="bbox 409 2798 2263 2871; baseline 0.004 -23"><span class='ocrx_word' id='word_1_220' title='bbox 409 2798 522 2848; x_wconf 85' lang='lat' dir='ltr'><strong>titre</strong></span> <span class='ocrx_word' id='word_1_221' title='bbox 548 2800 810 2857; x_wconf 77' lang='lat' dir='ltr'><strong>d’orsteur,</strong></span> <span class='ocrx_word' id='word_1_222' title='bbox 836 2802 1046 2865; x_wconf 88' lang='lat' dir='ltr'><strong>quoique</strong></span> <span class='ocrx_word' id='word_1_223' title='bbox 1065 2803 1118 2850; x_wconf 82' lang='lat' dir='ltr'><strong>la</strong></span> <span class='ocrx_word' id='word_1_224' title='bbox 1142 2803 1309 2866; x_wconf 82' lang='lat' dir='ltr'><strong>parole</strong></span> <span class='ocrx_word' id='word_1_225' title='bbox 1347 2817 1410 2851; x_wconf 87' lang='lat' dir='ltr'><strong>ue</strong></span> <span class='ocrx_word' id='word_1_226' title='bbox 1432 2804 1506 2851; x_wconf 91' lang='lat' dir='ltr'><strong>lui</strong></span> <span class='ocrx_word' id='word_1_227' title='bbox 1533 2807 1769 2868; x_wconf 65' lang='lat' dir='ltr'><strong>manqufit</strong></span> <span class='ocrx_word' id='word_1_228' title='bbox 1790 2805 2079 2865; x_wconf 85' lang='lat' dir='ltr'><strong>nullement,</strong></span> <span class='ocrx_word' id='word_1_229' title='bbox 2101 2813 2263 2871; x_wconf 73' lang='lat' dir='ltr'><strong>parsit</strong></span> 
     </span>
     <span class='ocr_line' id='line_1_25' title="bbox 407 2884 2263 2960; baseline 0.006 -18"><span class='ocrx_word' id='word_1_230' title='bbox 407 2894 567 2942; x_wconf 85' lang='lat' dir='ltr'><strong>moins</strong></span> <span class='ocrx_word' id='word_1_231' title='bbox 588 2896 820 2945; x_wconf 79' lang='lat' dir='ltr'><strong>convenit</strong></span> <span class='ocrx_word' id='word_1_232' title='bbox 845 2910 940 2959; x_wconf 83' lang='lat' dir='ltr'><strong>que</strong></span> <span class='ocrx_word' id='word_1_233' title='bbox 965 2897 1090 2944; x_wconf 88' lang='lat' dir='ltr'><strong>celui</strong></span> <span class='ocrx_word' id='word_1_234' title='bbox 1133 2897 1376 2946; x_wconf 87' lang='lat' dir='ltr'><strong>d’homme</strong></span> <span class='ocrx_word' id='word_1_235' title='bbox 1398 2884 1582 2948; x_wconf 58' lang='lat' dir='ltr'><strong>d&#39;lfitat.</strong></span> <span class='ocrx_word' id='word_1_236' title='bbox 1609 2900 1653 2950; x_wconf 91' lang='lat' dir='ltr'><strong>Il</strong></span> <span class='ocrx_word' id='word_1_237' title='bbox 1674 2901 1792 2950; x_wconf 74' lang='lat' dir='ltr'><strong>etait</strong></span> <span class='ocrx_word' id='word_1_238' title='bbox 1812 2908 2005 2960; x_wconf 74' lang='lat' dir='ltr'><strong>suvant.</strong></span> <span class='ocrx_word' id='word_1_239' title='bbox 2040 2909 2089 2951; x_wconf 88' lang='lat' dir='ltr'><strong>et</strong></span> <span class='ocrx_word' id='word_1_240' title='bbox 2115 2903 2263 2954; x_wconf 87' lang='lat' dir='ltr'><strong>d&#39;uue</strong></span> 
     </span>
     <span class='ocr_line' id='line_1_26' title="bbox 407 2991 2259 3061; baseline 0.006 -22"><span class='ocrx_word' id='word_1_241' title='bbox 407 2991 592 3039; x_wconf 83' lang='lat' dir='ltr'><strong>scienee</strong></span> <span class='ocrx_word' id='word_1_242' title='bbox 617 2993 701 3054; x_wconf 90' lang='lat' dir='ltr'><strong>qui</strong></span> <span class='ocrx_word' id='word_1_243' title='bbox 722 2992 907 3040; x_wconf 80' lang='lat' dir='ltr'><strong>n’avait</strong></span> <span class='ocrx_word' id='word_1_244' title='bbox 929 2992 1033 3043; x_wconf 88' lang='lat' dir='ltr'><strong>rien</strong></span> <span class='ocrx_word' id='word_1_245' title='bbox 1056 2992 1114 3041; x_wconf 86' lang='lat' dir='ltr'><strong>de</strong></span> <span class='ocrx_word' id='word_1_246' title='bbox 1144 2994 1369 3058; x_wconf 76' lang='lat' dir='ltr'><strong>vulgaire</strong></span> <span class='ocrx_word' id='word_1_247' title='bbox 1396 2997 1448 3044; x_wconf 88' lang='lat' dir='ltr'><strong>ni</strong></span> <span class='ocrx_word' id='word_1_248' title='bbox 1473 2996 1534 3044; x_wconf 87' lang='lat' dir='ltr'><strong>de</strong></span> <span class='ocrx_word' id='word_1_249' title='bbox 1554 2996 1849 3061; x_wconf 81' lang='lat' dir='ltr'><strong>superficiel:</strong></span> <span class='ocrx_word' id='word_1_250' title='bbox 1893 3014 1984 3048; x_wconf 89' lang='lat' dir='ltr'><strong>son</strong></span> <span class='ocrx_word' id='word_1_251' title='bbox 2011 2999 2259 3051; x_wconf 76' lang='lat' dir='ltr'><strong>eruditiori</strong></span> 
     </span>
     <span class='ocr_line' id='line_1_27' title="bbox 405 3086 2262 3161; baseline 0.008 -28"><span class='ocrx_word' id='word_1_252' title='bbox 405 3086 527 3134; x_wconf 63' lang='lat' dir='ltr'><strong>&amp;tait</strong></span> <span class='ocrx_word' id='word_1_253' title='bbox 548 3086 781 3148; x_wconf 83' lang='lat' dir='ltr'><strong>profonde</strong></span> <span class='ocrx_word' id='word_1_254' title='bbox 820 3095 870 3136; x_wconf 87' lang='lat' dir='ltr'><strong>et</strong></span> <span class='ocrx_word' id='word_1_255' title='bbox 894 3087 1094 3137; x_wconf 86' lang='lat' dir='ltr'><strong>choisie.</strong></span> <span class='ocrx_word' id='word_1_256' title='bbox 1120 3088 1184 3138; x_wconf 78' lang='lat' dir='ltr'><strong>Sa</strong></span> <span class='ocrx_word' id='word_1_257' title='bbox 1209 3093 1441 3142; x_wconf 74' lang='lat' dir='ltr'><strong>memoire</strong></span> <span class='ocrx_word' id='word_1_258' title='bbox 1463 3095 1617 3144; x_wconf 79' lang='lat' dir='ltr'><strong>tensit</strong></span> <span class='ocrx_word' id='word_1_259' title='bbox 1651 3094 1719 3142; x_wconf 90' lang='lat' dir='ltr'><strong>du</strong></span> <span class='ocrx_word' id='word_1_260' title='bbox 1743 3095 1979 3161; x_wconf 79' lang='lat' dir='ltr'><strong>prodige;</strong></span> <span class='ocrx_word' id='word_1_261' title='bbox 2015 3112 2105 3146; x_wconf 89' lang='lat' dir='ltr'><strong>son</strong></span> <span class='ocrx_word' id='word_1_262' title='bbox 2133 3100 2262 3161; x_wconf 83' lang='lat' dir='ltr'><strong>style</strong></span> 
     </span>
     <span class='ocr_line' id='line_1_28' title="bbox 406 3182 2264 3256; baseline 0.01 -28"><span class='ocrx_word' id='word_1_263' title='bbox 406 3182 667 3230; x_wconf 71' lang='lat' dir='ltr'><strong>reuuissait</strong></span> <span class='ocrx_word' id='word_1_264' title='bbox 688 3198 753 3231; x_wconf 82' lang='lat' dir='ltr'><strong>au</strong></span> <span class='ocrx_word' id='word_1_265' title='bbox 773 3184 883 3246; x_wconf 87' lang='lat' dir='ltr'><strong>plus</strong></span> <span class='ocrx_word' id='word_1_266' title='bbox 911 3183 1033 3234; x_wconf 84' lang='lat' dir='ltr'><strong>haut</strong></span> <span class='ocrx_word' id='word_1_267' title='bbox 1055 3186 1199 3250; x_wconf 75' lang='lat' dir='ltr'><strong>degi-e</strong></span> <span class='ocrx_word' id='word_1_268' title='bbox 1219 3188 1270 3236; x_wconf 81' lang='lat' dir='ltr'><strong>la</strong></span> <span class='ocrx_word' id='word_1_269' title='bbox 1290 3188 1421 3239; x_wconf 81' lang='lat' dir='ltr'><strong>foros</strong></span> <span class='ocrx_word' id='word_1_270' title='bbox 1438 3197 1487 3239; x_wconf 88' lang='lat' dir='ltr'><strong>et</strong></span> <span class='ocrx_word' id='word_1_271' title='bbox 1508 3191 1805 3256; x_wconf 70' lang='lat' dir='ltr'><strong>l’elegance3</strong></span> <span class='ocrx_word' id='word_1_272' title='bbox 1854 3200 1904 3242; x_wconf 86' lang='lat' dir='ltr'><strong>et</strong></span> <span class='ocrx_word' id='word_1_273' title='bbox 1937 3201 2048 3244; x_wconf 90' lang='lat' dir='ltr'><strong>tous</strong></span> <span class='ocrx_word' id='word_1_274' title='bbox 2077 3211 2157 3245; x_wconf 84' lang='lat' dir='ltr'><strong>ces</strong></span> <span class='ocrx_word' id='word_1_275' title='bbox 2180 3203 2264 3246; x_wconf 81' lang='lat' dir='ltr'><strong>ta-</strong></span> 
     </span>
     <span class='ocr_line' id='line_1_29' title="bbox 405 3278 2265 3356; baseline 0.009 -30"><span class='ocrx_word' id='word_1_276' title='bbox 405 3278 533 3329; x_wconf 81' lang='lat' dir='ltr'><strong>leut&#39;s</strong></span> <span class='ocrx_word' id='word_1_277' title='bbox 553 3280 735 3329; x_wconf 72' lang='lat' dir='ltr'><strong>etaient</strong></span> <span class='ocrx_word' id='word_1_278' title='bbox 753 3282 934 3330; x_wconf 74' lang='lat' dir='ltr'><strong>releves</strong></span> <span class='ocrx_word' id='word_1_279' title='bbox 955 3299 1044 3347; x_wconf 85' lang='lat' dir='ltr'><strong>par</strong></span> <span class='ocrx_word' id='word_1_280' title='bbox 1075 3285 1345 3348; x_wconf 71' lang='lat' dir='ltr'><strong>l&#39;integrite</strong></span> <span class='ocrx_word' id='word_1_281' title='bbox 1368 3287 1429 3336; x_wconf 90' lang='lat' dir='ltr'><strong>de</strong></span> <span class='ocrx_word' id='word_1_282' title='bbox 1457 3304 1531 3337; x_wconf 91' lang='lat' dir='ltr'><strong>ses</strong></span> <span class='ocrx_word' id='word_1_283' title='bbox 1554 3304 1734 3338; x_wconf 86' lang='lat' dir='ltr'><strong>moeurs</strong></span> <span class='ocrx_word' id='word_1_284' title='bbox 1763 3298 1811 3339; x_wconf 89' lang='lat' dir='ltr'><strong>et</strong></span> <span class='ocrx_word' id='word_1_285' title='bbox 1838 3291 1889 3340; x_wconf 82' lang='lat' dir='ltr'><strong>la</strong></span> <span class='ocrx_word' id='word_1_286' title='bbox 1913 3292 2100 3356; x_wconf 58' lang='lat' dir='ltr'><strong>dignit&amp;</strong></span> <span class='ocrx_word' id='word_1_287' title='bbox 2124 3293 2183 3342; x_wconf 86' lang='lat' dir='ltr'><strong>de</strong></span> <span class='ocrx_word' id='word_1_288' title='bbox 2207 3311 2265 3343; x_wconf 81' lang='lat' dir='ltr'><strong>sa</strong></span> 
     </span>
     <span class='ocr_line' id='line_1_30' title="bbox 404 3374 2266 3448; baseline 0.01 -27"><span class='ocrx_word' id='word_1_289' title='bbox 404 3374 500 3423; x_wconf 78' lang='lat' dir='ltr'><strong>vie.</strong></span> <span class='ocrx_word' id='word_1_290' title='bbox 532 3376 596 3425; x_wconf 81' lang='lat' dir='ltr'><strong>Je</strong></span> <span class='ocrx_word' id='word_1_291' title='bbox 617 3379 810 3440; x_wconf 73' lang='lat' dir='ltr'><strong>prensis</strong></span> <span class='ocrx_word' id='word_1_292' title='bbox 835 3381 965 3428; x_wconf 83' lang='lat' dir='ltr'><strong>aussi</strong></span> <span class='ocrx_word' id='word_1_293' title='bbox 993 3395 1063 3429; x_wconf 87' lang='lat' dir='ltr'><strong>un</strong></span> <span class='ocrx_word' id='word_1_294' title='bbox 1097 3387 1314 3432; x_wconf 65' lang='lat' dir='ltr'><strong>extreme</strong></span> <span class='ocrx_word' id='word_1_295' title='bbox 1346 3385 1519 3448; x_wconf 82' lang='lat' dir='ltr'><strong>plaisir</strong></span> <span class='ocrx_word' id='word_1_296' title='bbox 1543 3388 1575 3434; x_wconf 67' lang='lat' dir='ltr'><strong>is</strong></span> <span class='ocrx_word' id='word_1_297' title='bbox 1603 3387 1836 3437; x_wconf 85' lang='lat' dir='ltr'><strong>entendre</strong></span> <span class='ocrx_word' id='word_1_298' title='bbox 1860 3389 2102 3446; x_wconf 79' lang='lat' dir='ltr'><strong>Triarius,</strong></span> <span class='ocrx_word' id='word_1_299' title='bbox 2141 3391 2266 3440; x_wconf 85' lang='lat' dir='ltr'><strong>dont</strong></span> 
     </span>
     <span class='ocr_line' id='line_1_31' title="bbox 405 3468 2263 3546; baseline 0.009 -28"><span class='ocrx_word' id='word_1_300' title='bbox 405 3468 478 3517; x_wconf 84' lang='lat' dir='ltr'><strong>les</strong></span> <span class='ocrx_word' id='word_1_301' title='bbox 503 3471 739 3537; x_wconf 85' lang='lat' dir='ltr'><strong>discours,</strong></span> <span class='ocrx_word' id='word_1_302' title='bbox 763 3477 952 3540; x_wconf 75' lang='lat' dir='ltr'><strong>malgre</strong></span> <span class='ocrx_word' id='word_1_303' title='bbox 973 3492 1028 3526; x_wconf 83' lang='lat' dir='ltr'><strong>sa</strong></span> <span class='ocrx_word' id='word_1_304' title='bbox 1054 3479 1295 3540; x_wconf 81' lang='lat' dir='ltr'><strong>jeunesse,</strong></span> <span class='ocrx_word' id='word_1_305' title='bbox 1322 3482 1501 3530; x_wconf 76' lang='lat' dir='ltr'><strong>etaient</strong></span> <span class='ocrx_word' id='word_1_306' title='bbox 1522 3482 1678 3546; x_wconf 82' lang='lat' dir='ltr'><strong>pleius</strong></span> <span class='ocrx_word' id='word_1_307' title='bbox 1706 3483 1854 3533; x_wconf 84' lang='lat' dir='ltr'><strong>d&#39;une</strong></span> <span class='ocrx_word' id='word_1_308' title='bbox 1875 3497 2075 3533; x_wconf 81' lang='lat' dir='ltr'><strong>savante</strong></span> <span class='ocrx_word' id='word_1_309' title='bbox 2098 3496 2263 3536; x_wconf 82' lang='lat' dir='ltr'><strong>matu-</strong></span> 
     </span>
    </p>
   </div>
   <div class='ocr_carea' id='block_1_4' title="bbox 2553 1901 2569 3065">
    <p class='ocr_par' dir='ltr' id='par_1_6' title="bbox 2553 1901 2569 3065">
     <span class='ocr_line' id='line_1_32' title="bbox 2553 1901 2569 3065; baseline 0 0"><span class='ocrx_word' id='word_1_310' title='bbox 2553 1901 2569 3065; x_wconf 95' lang='lat' dir='ltr'><strong> </strong></span> 
     </span>
    </p>
   </div>
   <div class='ocr_carea' id='block_1_5' title="bbox 2542 3452 2548 3963">
    <p class='ocr_par' dir='ltr' id='par_1_7' title="bbox 2542 3452 2548 3963">
     <span class='ocr_line' id='line_1_33' title="bbox 2542 3452 2548 3963; baseline 0 0"><span class='ocrx_word' id='word_1_311' title='bbox 2542 3452 2548 3963; x_wconf 95' lang='lat' dir='ltr'><strong> </strong></span> 
     </span>
    </p>
   </div>
  </div>
 </body>
</html>
