2592 4084
314 554 368 603 in
400 569 655 601 numerum
694 559 960 602 oratorum.

379 620 676 669 LXXXVII.
706 620 969 680 Quum‘isse

317 685 518 733 dixisset
543 687 648 733 haeo
670 706 681 733 ε

315 753 576 815 Pepulisti,
615 754 837 814 inquam,
860 753 1058 801 initium

314 818 454 882 longi
472 820 723 877 sermonis,
745 820 921 880 Attiou,

315 886 717 948 commovistique

314 965 419 999 rem
445 951 644 1014 dignam

314 1032 444 1065 nova
469 1018 812 1080 disputatione,

317 1098 465 1145 quam
486 1084 764 1133 differamus

314 1150 369 1197 in
403 1150 538 1196 aliud
573 1158 779 1213 tempus.

315 1216 454 1264 Libri
470 1217 599 1263 enim

316 1296 467 1344 quum
491 1284 715 1341 aliorum,

315 1354 421 1395 tum
439 1349 490 1396 in
515 1350 685 1411 primis
704 1349 923 1407 Catonis,

314 1421 430 1462 sunt
450 1417 680 1464 volvendi
715 1435 727 1465 ε

314 1481 559 1543 intelliges
582 1482 709 1530 nihil
732 1482 943 1531 defuisse

312 1546 620 1602 lineamentis
641 1550 794 1607 illius,

314 1613 411 1661 nisi
433 1612 600 1661 florem
624 1623 671 1663 et
699 1617 911 1664 colorem

313 1678 514 1727 illorum
538 1682 917 1743 pigmentorum,

315 1759 424 1807 quae
439 1757 581 1795 erant
603 1748 822 1798 nondum
841 1749 1061 1797 invem.

313 1811 441 1860 Nam
465 1812 689 1860 existimo
711 1815 782 1862 sio

315 1877 374 1925 de
397 1879 614 1926 oratione
637 1879 817 1935 Crassi,

314 1946 478 2005 ipsum
501 1947 713 2004 potuisse
737 1947 945 1995 fortasse

316 2010 524 2057 seribere
546 2012 750 2075 melius3

314 2077 562 2123 neminem
585 2077 756 2135 alium,

314 2148 372 2189 ut
394 2143 621 2189 arbitror.

313 2207 415 2255 Nee
441 2207 623 2255 dixeris

314 2273 524 2322 ironiam
538 2289 645 2324 esse
671 2275 725 2323 in
748 2275 856 2339 hoo,

314 2340 442 2402 quod
471 2341 681 2390 dixerim

314 2421 417 2454 eam
444 2408 712 2457 orationem

312 2473 464 2522 fuisse
491 2476 776 2538 magistram
797 2474 922 2524 mihi
943 2491 957 2521 :

313 2555 429 2588 nam
452 2541 542 2587 etsi
570 2552 624 2588 tu
648 2540 825 2589 videris

314 2607 594 2654 existimare
618 2607 793 2656 melius

315 2670 374 2719 de
393 2687 451 2720 ea
478 2673 721 2729 facultate,

317 2737 359 2785 si
391 2738 625 2786 habemus
655 2741 873 2802 aliquam
894 2753 1056 2798 nun<23

315 2811 479 2852 tamen
503 2820 603 2852 non
626 2805 926 2853 habebamus

316 2870 661 2928 adolescentes,

315 2935 439 3000 quid
461 2936 767 2986 imitaremur
789 2938 951 3001 potius

314 3004 365 3049 in
385 3001 594 3050 LatiniS.

316 3068 639 3129 Quodautem

314 3137 477 3198 plures
501 3143 616 3183 sunt
637 3134 878 3183 nominati

317 3216 348 3247 a
364 3202 521 3258 nobis,

376 3268 552 3316 rtinuit
573 3282 630 3317 eo

317 3280 397 3392 {rit
415 3332 520 3380 dixi
541 3335 707 3395 paullo
731 3335 883 3395 ante),

320 3398 449 3458 qnod
474 3401 607 3447 volui
629 3401 847 3463 intelligi

321 3478 467 3525 quam
494 3465 635 3526 pauci

321 3529 578 3577 evaderent
602 3530 740 3594 digni
766 3532 966 3580 nomine

320 3596 373 3644 in
391 3610 451 3644 ¹eo
470 3599 609 3657 eujus
634 3597 801 3645 omnes

1116 436 1359 482 BRUTUS
1369 469 1381 481 .
2062 434 2176 488 345

1118 568 1182 600 au
1205 554 1406 600 nombre
1429 554 1508 602 cies
1532 565 1766 604 orateurs.

1181 618 1477 668 LXXXVII.
1502 621 1700 671 Comme
1720 625 1757 671 il

1116 687 1248 733 avait
1266 687 1337 732 dit
1352 688 1455 734 cela
1468 706 1482 735 ε

1103 749 1193 799 'Tu
1218 745 1502 808 asentame,
1516 753 1680 815 dis-je,
1696 755 1741 802 le
1762 763 2172 805 commeneement

1114 817 1233 866 d'un
1263 819 1386 882 long
1408 821 1664 877 entretien‚
1693 823 1903 878 Atticus,

1114 891 1163 931 et
1183 892 1240 931 tu
1264 900 1319 931 as
1351 886 1543 936 souleve

1113 964 1211 997 une
1234 954 1456 1012 question
1480 952 1627 1014 digne

1115 1015 1261 1064 d’nne
1280 1018 1506 1065 nouvelle
1531 1018 1821 1076 discussion,

1115 1097 1207 1145 que
1226 1099 1352 1131 nous
1375 1091 1666 1132 remettrons

1116 1150 1146 1195 ὲ,
1172 1164 1239 1197 un
1264 1156 1405 1197 autre
1425 1157 1596 1213 temps.

1116 1214 1212 1264 Car
1242 1217 1313 1263 les
1335 1217 1481 1264 livres

1114 1283 1511 1330 non-seulement
1532 1283 1614 1330 des
1642 1290 1825 1344 autres,

1114 1350 1239 1396 mais
1271 1356 1464 1397 surtout
1489 1349 1549 1396 de
1568 1350 1742 1406 Caton,

1118 1421 1229 1462 sont
1252 1414 1555 1462 devant-&tre
1578 1416 1796 1464 deroules
1819 1418 1935 1478 (lus)
1960 1435 1971 1464 ι

1118 1486 1173 1528 tu
1195 1482 1541 1541 eomprendras
1566 1483 1670 1531 rien
1692 1485 1880 1531 n'avoir
1902 1485 2110 1546 manque

1119 1560 1185 1594 au
1204 1546 1365 1594 dessin
1387 1547 1444 1594 de
1478 1547 1570 1605 lui,

1118 1613 1398 1660 si-ce-n’est
1422 1615 1473 1661 la
1495 1613 1618 1663 fleur
1642 1626 1689 1663 et
1712 1616 1755 1663 le
1776 1617 1954 1665 coloris

1119 1677 1178 1726 de
1196 1693 1275 1726 ees
1294 1679 1490 1741 teintes‚

1116 1744 1201 1805 qni
1230 1745 1462 1794 n'eraient
1484 1763 1569 1809 pas
1587 1750 2039 1811 encoreinventees.

1115 1810 1210 1860 Car
1224 1813 1276 1873 je
1303 1827 1447 1874 pense
1478 1815 1601 1861 ainsi

1116 1876 1182 1923 du
1208 1878 1426 1925 discours
1442 1879 1498 1926 de
1519 1880 1742 1940 Crassus,

1115 1943 1187 1990 lui
1208 1944 1347 1991 avoir
1366 1960 1431 2007 pu
1458 1950 1698 2008 peut-&tre

1113 2009 1264 2057 ecrite
1287 2012 1454 2058 mieux
1466 2027 1483 2075 ;

1115 2089 1353 2138 personne
1373 2087 1511 2125 autre
1546 2078 1741 2140 (l’avoir
1765 2079 1870 2141 pu),

1113 2144 1352 2205 a-oe-que
1375 2144 1426 2206 je
1448 2147 1589 2193 ereis.
1890 2161 1893 2164 ’

1111 2208 1177 2256 Et
1198 2224 1259 2257 ne
1280 2225 1447 2272 va-pas
1473 2211 1575 2259 dire

1113 2287 1212 2322 une
1233 2275 1388 2323 ironie
1409 2280 1509 2325 &tre
1535 2278 1655 2324 dans
1674 2277 1788 2339 oeci,

1101 2355 1208 2402 ’que
1221 2342 1312 2404 j'ai
1334 2342 1411 2389 dit

1116 2421 1171 2455 oe
1196 2408 1416 2457 discours
1694 2437 1700 2444 ·

1115 2474 1253 2521 avoir
1276 2476 1349 2521 ete
1373 2489 1441 2520 un
1462 2472 1649 2521 modele
1674 2488 1796 2534 pour
1823 2473 1923 2520 moi
1945 2490 1958 2520 z

1114 2554 1198 2587 oar
1226 2539 1336 2587 bien
1357 2555 1449 2601 que
1471 2546 1525 2587 tu
1555 2540 1760 2587 sembles

1109 2620 1287 2668 ‘penser
1310 2607 1476 2653 mieux

1115 2672 1174 2719 de
1189 2687 1245 2719 ce
1263 2673 1433 2728 talem,
1986 2671 2138 2737 [d'hui
2158 2690 2173 2729 ς

1115 2738 1156 2786 si
1176 2754 1301 2785 nous
1329 2753 1483 2786 avons
1510 2739 1713 2801 quelque
1746 2738 1937 2802 (talent)
1969 2738 2183 2800 aujour-

1114 2804 1383 2867 oependant
1409 2820 1532 2853 nous
1557 2804 1778 2852 n'avions
1803 2821 1886 2868 pas

1112 2872 1613 2934 etant-jeunes-gens,
1682 2911 1685 2914 .

1117 2952 1172 2985 oe
1196 2952 1290 2999 qne
1314 2953 1438 2985 nous
1458 2939 1758 2986 imitassions
1779 2938 1837 2986 de
1858 2937 2133 3001 preference

1117 3004 1275 3065 parmi
1299 3006 1368 3050 les
1394 3004 1583 3051 Latius.

1112 3070 1242 3117 ‘Mais
1265 3073 1674 3131 quant-a-ee·qne

1107 3137 1364 3198 beaucoup
1386 3145 1471 3183 ont
1491 3137 1565 3182 ete
1588 3139 1805 3183 nommes

1116 3218 1202 3264 par
1224 3215 1370 3259 nous,

1115 3269 1221 3315 cela
1238 3283 1269 3315 a
1294 3283 1510 3330 eu-pour
1529 3268 1616 3314 but

1117 3332 1322 3398 (comme
1343 3334 1392 3395 Je
1415 3335 1499 3381 l’ai
1529 3334 1602 3379 dit
1626 3348 1812 3394 un-peu
1836 3330 2175 3394 auparavant),

1103 3415 1210 3461 que
1225 3399 1315 3461 fai
1335 3402 1483 3447 voulu
1502 3403 1605 3446 ὃτι-θ
1628 3400 1837 3460 compris

1119 3466 1337 3514 combien
1366 3482 1456 3527 peu

1122 3532 1406 3579 devenaient
1427 3532 1598 3593 dignes
1629 3530 1744 3577 d’un
1766 3544 1879 3576 nom

1122 3598 1245 3645 dans
1273 3599 1376 3645 cela
1397 3597 1514 3644 dont
1536 3604 1646 3672 tous
