2592 4084
1161 307 1418 353 BRUTUS·
2141 305 2152 354 ἶ
2174 309 2238 362 '323

364 427 422 478 L.
448 428 640 475 Lucilio
664 427 836 482 Balbo,
1162 425 1192 471 a
1224 424 1280 471 L.
1310 422 1526 472 Lucilius
1549 426 1745 484 Balbus,

363 494 420 541 C.
457 495 661 555 Aquilio
690 493 834 540 Gallo
857 510 874 552 3
1161 492 1191 537 a
1215 491 1272 537 C.
1295 492 1523 551 Aquilius
1550 491 1748 546 Gallus3

363 561 611 621 superavit
634 559 898 606 subtilitate
1159 557 1197 603 il
1223 571 1449 617 surpassa
1473 572 1560 619 par
1582 558 1632 603 la
1659 558 1935 606 delicatesse

362 625 709 687 diligentiaque
1159 630 1206 668 et
1241 637 1330 681 par
1353 623 1666 670 l’exactitude

363 693 658 738 celeritatem
683 690 834 746 Galli,
1158 689 1209 734 la
1234 687 1440 751 rapidite
1460 689 1518 736 de
1536 688 1727 746 Gallus,

364 757 582 804 hominis
603 758 734 804 acuti
758 764 807 803 et
828 752 1097 810 exercitati,
1158 752 1354 801 homme
1374 754 1442 800 fin
1470 762 1518 802 et
1537 758 1719 816 exerce,

282 867 287 870 Α
362 831 637 885 promptam
663 831 709 869 et
730 830 949 884 paratam
1156 822 1263 867 vive
1283 830 1330 868 et
1353 821 1502 869 alm-te

361 892 413 936 in
449 889 639 950 agendo
1156 901 1214 933 en
1236 888 1460 948 plaidant

362 962 411 1001 et
446 958 496 1001 in
520 951 880 1017 respondend03
1158 961 1204 999 et
1222 969 1280 998 en
1311 951 2044 1011 donnant-des-consultation33

361 1023 477 1067 vicit
504 1023 782 1068 tarditatem
1152 1019 1194 1066 il
1220 1018 1592 1068 laissa-loin-de
1618 1019 1692 1065 lui
1713 1018 1763 1066 la
1784 1019 1972 1066 lenteur

361 1087 715 1133 consideratam
745 1085 908 1140 Balbi,
1156 1086 1482 1148 circonspecte
1506 1086 1563 1132 de
1583 1085 1787 1143 Balbus,

361 1151 575 1199 hominis
606 1154 731 1199 docti
756 1158 805 1198 et
823 1148 1020 1207 eruditi,
1155 1150 1351 1198 homme
1373 1154 1573 1199 instruit
1607 1161 1654 1198 et
1680 1159 1873 1213 suvant,

358 1220 413 1264 in
441 1228 645 1279 utraque
679 1234 748 1276 re,
1030 1249 1035 1250 ν
1155 1216 1277 1263 dans
1307 1219 1718 1265 l’une-et-l'antre
1739 1215 1896 1270 chose,

361 1286 502 1332 rebus
527 1284 833 1347 expediendis
1155 1297 1278 1345 pour
1303 1286 1371 1331 les
1395 1286 1585 1331 affaires
1612 1284 1964 1331 a-debrouiller

361 1351 763 1412 conficiendisque
791 1366 803 1395 ε
1154 1355 1202 1395 et
1233 1352 1262 1396 'a
1288 1353 1517 1396 terminer
1540 1367 1553 1405 ς
2043 1345 2046 1348 ’

356 1418 434 1464 sic
456 1427 503 1462 et
525 1416 689 1473 habet,
1150 1417 1277 1462 ainsi
1304 1426 1351 1462 et
1372 1418 1408 1462 il
1432 1416 1632 1478 possede

360 1484 491 1545 quod
514 1493 712 1546 uterque
746 1496 917 1531 eorum
1154 1495 1209 1528 ce
1232 1497 1325 1543 que
1347 1481 1536 1528 chacun
1560 1481 1703 1528 d’eux

357 1545 547 1606 habuit,
1152 1561 1184 1594 a
1211 1548 1427 1610 posside,

358 1622 410 1662 et
443 1615 656 1676 explevit
1154 1621 1201 1659 et
1224 1613 1263 1660 il
1287 1629 1318 1661 a
1340 1613 1536 1674 supple&

358 1683 487 1741 Aquod
527 1681 682 1728 defuit
705 1678 918 1739 utrique.
1154 1681 1184 1726 a
1207 1695 1261 1726 ce
1284 1681 1370 1741 qui
1403 1695 1433 1726 a
1451 1681 1660 1740 marsque
1683 1680 1713 1725 a
1731 1678 2011 1727 tous-deux.

359 1745 546 1806 Itaque,
1155 1744 1284 1793 C'est
1312 1747 1573 1808 pourquoi,

358 1822 416 1858 ut
437 1812 643 1860 Crassus
662 1811 857 1857 videtur
877 1808 1000 1857 mihi
1156 1826 1342 1858 comme
1364 1812 1566 1859 Crassus
1587 1826 1664 1857 me
1692 1810 1871 1858 semble

359 1877 531 1925 fecisse
555 1878 820 1938 sapientius
1155 1879 1291 1924 avoir
1314 1880 1395 1939 agi
1430 1880 1544 1939 plus
1569 1887 1820 1940 sagement

359 1958 510 2005 quam
531 1943 748 1991 Scaevola
1158 1959 1249 2003 que
1270 1942 1470 1990 Scevola

360 2009 467 2068 (hic
486 2010 617 2054 enim
641 2008 902 2069 recipiebat
930 2021 1100 2054 causas
1157 2011 1259 2069 (car
1285 2011 1476 2056 celui-ci
1505 2011 1742 2070 acceptait
1766 2009 1851 2056 des
1874 2023 2042 2056 causes

360 2074 591 2132 studiose,
1155 2086 1683 2138 avec-cmpressement,

358 2140 413 2188 in
440 2140 616 2201 quibus
1159 2141 1280 2188 dans
1299 2143 1552 2203 lesquelles

359 2207 680 2268 superabatur
714 2222 744 2253 a
765 2204 965 2263 Crasso3
1155 2207 1193 2253 il
1216 2209 1336 2254 e'tait
1357 2209 1533 2256 vaincu
1558 2223 1645 2269 par
1671 2208 1903 2262 Crassum

354 2272 443 2320 ille
478 2273 671 2319 nolebat
695 2288 745 2319 se
769 2272 975 2324 consuli,
1157 2274 1365 2322 celui—lh
1388 2290 1447 2321 ne
1469 2275 1657 2321 voulait
1676 2289 1761 2334 pas
1783 2277 1884 2320 etre
1904 2272 2123 2320 consulte

359 2354 421 2387 ne
445 2345 570 2386 esset
589 2339 790 2387 inferior
1156 2354 1280 2401 pour
1303 2341 1425 2403 qu’il
1459 2355 1519 2387 ne
1553 2340 1631 2386 fut
1654 2355 1737 2403 pas
1759 2341 1868 2401 plus
1902 2338 2050 2385 faible

356 2406 412 2452 in
435 2405 604 2466 alique
627 2419 681 2451 re
1155 2420 1215 2453 en
1244 2406 1452 2468 quelque
1485 2406 1630 2453 chose

359 2486 508 2533 quam
533 2471 796 2530 Scaevola);
1156 2486 1250 2533 que
1284 2472 1528 2532 Scevola);

358 2538 428 2583 sic
457 2537 651 2585 Servius
675 2534 1046 2599 sapientissime.
1157 2537 1399 2585 de-meme
1423 2538 1613 2585 Servius
1634 2541 1783 2597 a-fait
1821 2538 2207 2598 tres-sagement.

356 2602 522 2663 Quum
553 2604 685 2650 enim
712 2603 823 2651 duae
848 2608 995 2657 artes,
1155 2603 1381 2651 En-effet
1407 2619 1593 2651 comme
1620 2604 1691 2650 les
1715 2605 1840 2651 deux
1863 2610 1980 2659 erts,

356 2671 524 2716 civiles
546 2677 594 2717 et
621 2671 833 2718 forenses
1158 2670 1291 2717 de-la
1308 2671 1677 2732 jurisprudence
1705 2678 1753 2718 et
1772 2670 1837 2717 du
1854 2670 2077 2726 bureau,

358 2731 593 2781 haberent
617 2737 885 2798 plurimum
1156 2738 1436 2785 obtenaient
1470 2739 1514 2784 le
1547 2738 1658 2799 plus

356 2808 405 2847 et
426 2801 585 2848 laudis
616 2811 662 2849 et
683 2803 878 2864 gratiaeg
1154 2812 1203 2849 et
1224 2802 1284 2849 de
1311 2803 1468 2864 gloire
1495 2811 1542 2849 et
1563 2802 1622 2849 de
1643 2801 1795 2849 credit
1813 2819 1826 2859 3

356 2867 559 2927 perfecit
1145 2868 1191 2915 :il
1215 2884 1245 2916 a
1265 2870 1420 2917 reunsi

357 2941 416 2980 ut
448 2941 700 2995 praestaret
1153 2937 1181 2980 ὲ
1206 2936 1484 2997 l’emporter

358 3000 586 3046 omnibus
622 3000 790 3060 altera,
1150 3016 1237 3047 sur
1262 3011 1370 3049 tous
1391 3002 1650 3057 dansl'un,

356 3075 407 3113 et
438 3074 706 3113 assumeret
733 3081 798 3113 ex
818 3065 992 3124 altera,
1150 3075 1200 3113 et
1219 3070 1248 3114 a
1268 3067 1473 3130 prendre
1493 3069 1552 3115 de
1575 3069 1767 3122 l’autre‚

356 3137 550 3179 tantum
571 3139 809 3193 quantum
833 3139 956 3180 esset
978 3133 1097 3180 satis
1153 3143 1326 3182 autaut
1361 3135 1482 3196 qu'il
1503 3135 1624 3181 etait
1644 3132 1869 3182 suffisant

360 3203 408 3245 et
442 3198 503 3244 sd
524 3199 758 3245 tuendum
778 3198 862 3260 jus
891 3199 1051 3258 civile,
1154 3207 1203 3246 et
1219 3215 1344 3262 pour
1373 3199 1601 3247 defendre
1620 3201 1669 3248 le
1687 3200 1814 3248 droit
1831 3199 1963 3257 civil,

357 3271 406 3311 et
420 3263 485 3310 ad
506 3265 821 3312 obtinendem
1153 3273 1204 3312 et
1226 3282 1350 3327 pour
1372 3267 1587 3313 soutenir

359 3329 647 3392 dignitatem
666 3331 988 3381 consularem.
1154 3331 1206 3378 la
1236 3331 1425 3395 dignit&
1447 3332 1738 3379 consulaire.

427 3420 493 3431 -
519 3397 647 3443 Tum
669 3397 871 3453 Brutus,
1225 3426 1291 3437 —
1317 3398 1464 3445 Alors
1481 3398 1683 3454 Brutus,

361 3459 601 3509 Putabam
624 3465 694 3510 ita
716 3478 927 3526 prorsus,
1157 3462 1218 3512 Je
1247 3465 1439 3524 pensais
1462 3464 1586 3511 ainsi
1610 3463 1930 3516 absolument,
