2592 4084
474 360 597 417 234
1270 367 1531 413 saurus·

474 486 526 541 ei
565 484 820 556 quaedam
861 500 927 538 ex
953 482 1043 537 his
1063 483 1222 555 paria
1248 500 1374 538 cum
1413 485 1629 553 Crasso,
1661 484 1916 555 quaedam
1955 485 2127 539 etiam
2155 502 2325 556 supe·-

472 583 648 652 riora3
681 586 738 635 at
773 580 958 635 Crassi
996 580 1176 651 magis
1211 579 1456 635 enitebat
1505 580 1698 634 oratio.
1738 583 1852 635 Nec
1878 597 2012 636 vero
2056 581 2322 653 Sulpicio,

472 693 652 748 neque
691 677 861 731 Cottae
886 676 1072 731 dicere
1101 691 1423 747 possumuS,
1451 691 1632 747 neque
1658 675 1916 747 cuiquam
1943 675 2088 732 bono
2118 678 2325 733 oratori

469 789 589 827 rem
621 772 794 828 ullam
818 790 882 828 ex
900 773 1012 828 illis
1039 772 1282 844 quinque
1318 771 1565 843 partibus
1586 771 1749 840 plane
1774 777 1942 844 atque
1970 774 2197 830 omnino
2223 775 2321 830 de·

468 868 660 924 fuisse.
690 871 882 940 Itaque
903 870 961 923 in
983 868 1218 923 Curione
1245 867 1352 923 hoc
1370 867 1657 924 verissime
1679 866 1918 938 judicari
1942 874 2149 941 potest,
2171 870 2323 926 nulla

467 981 528 1020 re
557 981 668 1019 una
692 964 875 1034 magis
902 969 1178 1020 oratorem
1207 963 1604 1035 commendari,
1628 979 1796 1036 quam
1818 963 2116 1020 verborum
2147 965 2324 1037 splen·

468 1063 600 1119 dore
641 1066 696 1117 et
737 1062 894 1133 copia
928 1079 942 1116 :
969 1078 1097 1117 nam
1126 1077 1300 1132 quum
1323 1060 1517 1117 tardus
1546 1061 1605 1115 in
1627 1061 1941 1133 cogitandO,
1980 1066 2102 1116 tum
2134 1061 2192 1117 in
2237 1063 2320 1115 in-

470 1160 739 1228 struendo
769 1158 1067 1230 dissipatus
1092 1158 1215 1212 fuit.

534 1259 642 1313 LX.
670 1256 906 1328 Reliqua
942 1255 1048 1310 duo
1092 1259 1240 1325 sunt,
1287 1270 1454 1325 agere
1500 1259 1556 1309 et
1590 1254 1911 1310 meminisse
1941 1272 1955 1309 ε
1997 1254 2056 1309 in
2085 1263 2319 1329 utroque

465 1353 760 1409 cachinnos
785 1352 1138 1408 irridentium
1169 1351 1572 1408 commovebat.
1613 1354 1794 1408 Motus
1821 1358 1940 1408 erat
1966 1352 2035 1421 is,
2076 1370 2245 1423 quem
2268 1359 2321 1410 et

463 1450 526 1505 C.
554 1449 735 1505 Julius
777 1450 1202 1521 inperpetuum
1241 1449 1473 1519 notavit,
1512 1465 1684 1521 quum
1723 1464 1789 1504 ex
1814 1464 1900 1519 eo,
1931 1449 1990 1503 in
2025 1455 2319 1522 utramque

461 1552 681 1619 partem
696 1551 812 1602 toto
835 1563 1065 1619 corpore
1094 1546 1406 1616 vacillante,
1432 1545 1706 1617 quaesivit,
1739 1567 1769 1595 α
1796 1545 1919 1617 quis
1941 1545 2271 1617 loqueretur
2290 1563 2320 1603 e

462 1641 656 1708 lintre;
681 1661 707 1695 ιο
739 1648 795 1697 et
818 1644 921 1697 Cn.
946 1642 1201 1709 SiciniuS,
1232 1642 1398 1697 homo
1428 1642 1699 1714 impuruS‚
1726 1642 1823 1697 sed
1853 1642 2156 1699 admodum
2183 1642 2319 1697 ridi·

463 1738 640 1809 culus,
669 1755 848 1810 neque
875 1738 1027 1795 aliud
1055 1739 1113 1793 in
1142 1754 1209 1793 eo
1243 1737 1477 1793 oratoris
1498 1737 1679 1792 simile
1709 1738 2034 1811 quidquam.
2065 1741 2120 1794 Is
2150 1752 2319 1811 quum

463 1837 719 1893 tribunus
746 1838 928 1907 plebis
943 1838 1241 1894 Curionem
1268 1842 1324 1892 et
1347 1837 1637 1893 Octavium
1655 1836 1915 1893 consules
1940 1836 2313 1907 produxisset,

460 1933 737 2007 Curioque
771 1934 950 1990 multa
981 1934 1226 2005 dixisset,
1274 1935 1501 1990 sedente
1549 1936 1651 1992 Cn.
1680 1934 1905 1992 Octavio
1952 1933 2191 2005 collega,
2223 1935 2318 2005 qui

459 2120 734 2169 conservait
746 2118 1020 2166 fidelement
1032 2119 1076 2165 le
1096 2119 1255 2182 degant,
1273 2127 1322 2167 et
1341 2134 1430 2167 son
1452 2120 1614 2167 action
1629 2121 1700 2167 les
1721 2119 1886 2167 faisait
1908 2118 2318 2169 admirablement

458 2207 632 2255 valoir.
667 2189 798 2270 lfigal
831 2206 861 2253 ὲ
891 2206 1094 2255 Crassus
1133 2206 1255 2254 dans
1285 2207 1657 2270 quelques-unes
1696 2206 1755 2253 de
1777 2210 1872 2253 ces·
1894 2206 2127 2267 quantes,
2165 2205 2207 2252 il
2246 2207 2317 2253 lui

457 2297 576 2344 &tait
610 2296 767 2342 meme
797 2293 1048 2355 superieur
1079 2293 1201 2341 dans
1234 2294 1474 2359 d’autre33
1509 2294 1635 2341 mais
1679 2293 1965 2340 l'elocution
2004 2292 2063 2340 de
2103 2292 2318 2341 Crassus

457 2383 577 2433 etait
608 2383 717 2445 plus
746 2381 998 2429 brillante.
1025 2381 1102 2430 On
1128 2396 1188 2429 ne
1222 2389 1336 2444 peut
1368 2397 1453 2444 pas
1494 2380 1596 2428 dire
1624 2395 1722 2427 non
1758 2379 1866 2442 plus
1904 2378 1960 2425 de
1986 2378 2131 2426 Cotta
2169 2378 2223 2425 ni
2256 2378 2317 2426 dc

456 2472 716 2536 Sulpicius,
751 2472 804 2518 ni
843 2471 1057 2519 d’aucun
1089 2472 1187 2518 bon
1214 2478 1423 2531 orateur,
1459 2471 1733 2533 qu'aucune
1769 2468 1854 2516 des
1887 2469 2001 2530 cinq
2038 2468 2220 2530 parties
2257 2468 2316 2516 dc

455 2561 750 2623 l'eloquence
770 2560 878 2607 leur
901 2559 972 2607 ait
1003 2560 1079 2607 ete
1098 2560 1408 2607 absolument
1428 2559 1690 2606 inconnue.
1720 2557 1869 2605 Ausci
1892 2556 2077 2605 Curion
2103 2556 2315 2603 four-nit-

455 2647 493 2693 il
524 2661 618 2693 une
650 2661 828 2706 preuve
859 2661 952 2706 que
985 2646 1148 2692 l’eclat
1181 2651 1230 2692 et
1260 2645 1310 2692 la
1346 2645 1557 2692 richesse
1595 2644 1655 2692 de
1690 2643 1973 2692 l’elocution
1998 2642 2315 2689 contribuant
2341 2637 2357 2649 “

455 2734 601 2790 66ιι15,
629 2733 737 2793 plus
761 2746 853 2793 que
874 2739 981 2779 tout
1000 2742 1140 2778 autre
1158 2732 1346 2783 merite,
1375 2746 1437 2777 au
1462 2732 1627 2779 succes
1651 2731 1710 2778 de
1736 2731 1995 2779 l’orateur:
2022 2744 2108 2777 car
2132 2731 2171 2777 il
2194 2730 2314 2777 etnit

454 2834 568 2867 sans
589 2818 745 2866 talent
768 2833 891 2881 pour
913 2819 1221 2876 l'invention,
1250 2825 1299 2865 et
1319 2833 1379 2864 ne
1402 2820 1590 2866 mettait
1614 2819 1736 2867 dans
1758 2819 1810 2867 la
1829 2818 2120 2880 disposition
2144 2819 2201 2866 ni
2226 2833 2313 2866 or·

452 2907 536 2955 dre
565 2906 616 2953 ni
642 2906 903 2953 ensemble.

518 2993 621 3042 Lx.
650 2991 818 3052 Quant
861 3006 962 3040 aux
994 2991 1125 3038 deux
1162 2999 1325 3040 autres
1354 2993 1553 3055 parties,
1589 2993 1789 3044 l'action
1818 3000 1866 3041 et
1891 2994 1942 3041 la
1987 2993 2239 3050 mmuh-e,
2271 2992 2312 3040 il

451 3080 652 3129 excitait
674 3079 914 3127 vraiment
934 3079 1019 3127 des
1037 3078 1189 3125 eclats
1215 3079 1272 3126 de
1294 3079 1411 3128 rire.
1435 3079 1491 3128 C.
1513 3079 1682 3129 Julius
1704 3096 1735 3128 a
1755 3082 2043 3129 caracteris&
2064 3095 2156 3128 son
2174 3084 2311 3141 geste

445 3183 539 3236 par
563 3182 632 3214 un
654 3166 753 3215 bon
774 3172 879 3214 mot
896 3168 1044 3229 qu’on
1070 3167 1343 3216 n’oubliera
1361 3167 1557 3228 Jamais.
1586 3168 1659 3216 En
1686 3169 1731 3216 16
1753 3175 1936 3230 voyant
1958 3168 2195 3215 balancer
2217 3182 2307 3216 sem

450 3272 590 3320 corps
613 3258 642 3303 ὲ,
665 3256 820 3304 droite
843 3261 891 3303 et
917 3257 948 3303 ὲ.
976 3255 1166 3319 gauche
1191 3270 1248 3300 z«
1275 3256 1402 3316 Quel
1427 3264 1516 3316 est,
1542 3257 1698 3316 dit-il,
1735 3263 1811 3306 cet
1833 3266 2029 3306 orateur
2055 3259 2140 3320 qui
2172 3258 2307 3320 parle

451 3346 570 3394 dans
604 3361 700 3394 une
730 3344 951 3409 barque?
981 3363 1006 3389 ι
1039 3345 1083 3394 Il
1121 3338 1299 3409 essuya
1328 3362 1426 3395 une
1460 3353 1598 3395 autre
1631 3347 1939 3408 plaisanterie
1971 3346 2030 3393 de
2065 3346 2305 3407 Sicinius,

447 3434 642 3483 homme
660 3450 773 3482 sans
792 3435 1015 3483 honneur
1038 3437 1089 3483 ni
1105 3436 1365 3499 principes,
1384 3436 1509 3484 mais
1529 3435 1693 3482 habile
1709 3436 1739 3483 a
1756 3436 1935 3498 egnyer
1946 3449 2015 3481 un
2035 3434 2303 3496 auditaire,

450 3523 581 3570 seule
606 3521 787 3585 qualite
810 3523 931 3586 qu’il
949 3524 1033 3572 οὐκ
1061 3522 1120 3572 de
1142 3524 1390 3573 l’orateur.
1415 3522 1639 3581 Sicinius,
1666 3522 1795 3570 alors
1817 3521 2001 3580 tribnn,
2022 3522 2159 3569 avait
2182 3505 2307 3584 proi-L
