2592 4084
414 373 530 430 232
1195 382 1457 427 nnu‘rus.

414 499 675 571 magnis),
706 497 982 566 Curionis,
1023 497 1125 552 etsi
1174 495 1417 568 pupillus
1459 495 1683 551 relictus
1714 500 1817 565 est,
1857 493 2039 565 patrio
2080 493 2269 547 fuisse

336 639 343 645 .
413 592 662 648 Instituto
696 607 838 662 puro
879 606 1134 646 sermone
1174 589 1545 645 assuefactam
1587 589 1849 658 domum3
1893 591 1949 642 et
1980 601 2046 642 eo
2074 587 2264 657 magis

359 684 367 691 ’
413 685 521 741 boc
540 683 751 756 judico,
777 683 925 756 quod
948 683 1226 738 neminem
1255 699 1324 736 ex
1347 682 1416 737 iis
1451 679 1698 753 quidem,
1728 678 1824 750 qui
1850 677 2035 749 aliquo
2065 678 2124 733 in
2152 695 2264 733 nu-

413 793 569 833 mero
608 776 852 844 fuerunt,
895 775 1128 848 cognovi
1163 775 1221 828 in
1251 774 1397 828 omni
1435 788 1639 844 genere
1666 771 2026 827 honestarum
2051 771 2261 826 artium

413 874 530 924 tam
578 869 883 940 indoctum,
932 874 1048 924 tam
1097 868 1314 922 rudem.
1358 865 1584 923 Nullum
1624 863 1718 919 ille
1744 868 1968 935 poetam
2000 869 2254 933 noverat,

414 961 627 1017 nullum
673 962 888 1032 legerat
923 965 1219 1029 oratorem,
1266 958 1478 1014 nullam
1527 958 1852 1013 memoriam
1907 956 2260 1030 antiquitatis

415 1050 748 1124 collegerat;
797 1069 907 1108 non
940 1051 1221 1123 publicum
1254 1053 1365 1123 juS,
1398 1066 1509 1107 non
1534 1051 1816 1122 privatum
1844 1056 1900 1106 et
1933 1050 2099 1107 civile
2128 1066 2262 1123 cog-

412 1149 644 1202 noverat
675 1162 688 1198 :
718 1159 1034 1216 quanquam
1055 1142 1114 1197 id
1150 1142 1375 1215 quidem
1400 1142 1507 1197 fuit
1532 1144 1700 1197 etiam
1738 1143 1795 1197 in
1824 1142 1970 1211 aliis,
2014 1147 2072 1197 et
2098 1158 2265 1213 mag·

412 1236 502 1294 nis
535 1237 761 1309 quidem
801 1235 1132 1301 oratoribuS‚
1172 1251 1311 1306 quos
1347 1250 1545 1306 parum
1580 1233 1668 1290 his
1711 1235 2008 1290 instructos
2044 1235 2257 1290 artibus

413 1327 671 1400 vidimuS‚
714 1333 777 1384 ut
818 1326 1140 1400 Sulpicium,
1187 1332 1249 1381 ut
1286 1327 1601 1381 Antonium.
1643 1326 1752 1381 Sed
1794 1326 1835 1381 ii
1861 1331 2053 1381 tamen
2081 1342 2260 1382 unum

413 1420 556 1475 illud
580 1419 862 1475 habebant
895 1419 1115 1475 dicendi
1146 1434 1284 1490 opus
1310 1404 1678 1483 elaboratum:
1706 1418 1872 1490 idque
1911 1435 2085 1490 quum
2129 1435 2264 1476 con·

414 1514 588 1566 staret
617 1527 682 1566 ex
708 1511 952 1583 quinque
981 1510 1282 1566 notissimis
1307 1510 1579 1581 partibus,
1609 1525 1773 1565 nemo
1804 1509 1863 1564 in
1887 1509 2077 1582 aliqua
2096 1517 2258 1582 parte

417 1615 611 1656 earum
634 1601 856 1658 omnino
883 1602 1023 1657 nihil
1051 1608 1264 1675 poterat
1290 1621 1304 1658 ε
1336 1601 1394 1657 in
1418 1617 1763 1673 quacumque
1782 1601 1931 1656 enim
1952 1617 2067 1656 una
2094 1600 2259 1673 plane

416 1693 771 1764 claudicaret,
799 1699 982 1752 orator
1009 1711 1135 1750 esse
1163 1710 1272 1750 non
1300 1700 1508 1763 posset.
1539 1694 1649 1748 Sed
1674 1698 1861 1749 tamen
1889 1693 2031 1748 alius
2060 1693 2119 1747 in
2148 1693 2260 1749 alia

416 1788 718 1845 excellebat
756 1791 956 1862 magis.
986 1789 1340 1861 Reperiebat,
1379 1789 1512 1860 quid
1538 1789 1645 1844 dici
1669 1804 1808 1859 opus
1836 1796 2004 1857 esset,
2032 1795 2091 1843 et
2118 1804 2260 1859 quo-

415 1882 580 1937 modo
621 1882 939 1954 praeparari,
979 1887 1035 1937 et
1068 1898 1178 1953 quo
1217 1881 1340 1936 loco
1375 1881 1567 1951 locari,
1596 1881 1975 1952 memoriaque
2002 1897 2070 1937 ea
2108 1897 2258 1936 com-

412 1972 798 2045 prehendebat
822 1971 1125 2043 Antonius;
1166 1971 1474 2027 excellebat
1496 1978 1684 2028 autem
1720 1972 1957 2037 actione,
1989 1978 2259 2044 erantque

417 2128 476 2177 de
494 2142 571 2177 ces
592 2127 774 2191 grands
799 2142 958 2185 nome,
974 2127 1231 2191 j’imagine
1259 2141 1366 2189 que,
1397 2126 1606 2193 quoique
1631 2126 1756 2174 reste
1779 2126 2001 2188 orphelin
2023 2127 2082 2175 de
2103 2128 2263 2177 bonne

416 2217 583 2275 heure,
612 2215 650 2264 il
684 2222 859 2264 trouva
883 2230 938 2262 aa
959 2215 1147 2262 maison
1172 2218 1502 2274 accontumee,
1532 2228 1620 2278 par
1640 2213 1894 2276 l'exemple
1920 2213 1979 2262 de
2005 2230 2095 2264 son
2128 2218 2257 2279 pere,

417 2306 448 2353 δ
469 2304 520 2353 la
550 2305 719 2367 purete
744 2302 811 2351 du
842 2301 1069 2366 langage.
1098 2302 1211 2352 J'en
1245 2303 1348 2351 suis
1376 2302 1598 2349 d’autant
1626 2301 1739 2364 plue
1768 2301 2025 2364 persuade,
2055 2317 2164 2365 que,
2200 2304 2263 2352 de

417 2398 530 2441 tous
562 2406 689 2442 ceux
725 2390 810 2453 qui
845 2396 931 2439 ont
966 2406 1026 2437 eu
1061 2392 1266 2453 quelque
1303 2388 1577 2453 reputation
1609 2388 1836 2450 oratoire,
1864 2387 1914 2450 je
1947 2389 2062 2437 n’en
2092 2390 2141 2437 ai
2171 2405 2264 2452 pas

417 2493 582 2528 connu
605 2494 675 2527 un
699 2479 804 2527 seul
821 2479 905 2541 qui
931 2478 1025 2535 fut,
1052 2479 1172 2526 dans
1195 2485 1353 2527 tontes
1375 2479 1446 2527 les
1465 2477 1643 2541 parties
1668 2475 1751 2524 des
1771 2478 2142 2527 connaissanoes
2167 2479 2267 2529 bu·-

417 2569 625 2630 maineo,
652 2567 799 2615 d’une
829 2568 869 2615 si
891 2566 1128 2630 profunde
1159 2567 1442 2630 ignorance.
1467 2566 1511 2614 Il
1534 2566 1720 2613 n'avait
1741 2564 1918 2626 jamnis
1942 2567 1997 2614 lu
2021 2567 2075 2615 ni
2103 2572 2266 2631 poetes

417 2655 471 2704 ni
492 2663 734 2709 orateuraz
763 2670 924 2703 aucun
954 2654 1049 2703 fait
1074 2654 1339 2716 historique
1361 2653 1577 2701 n'ornait
1597 2669 1652 2701 sa
1671 2655 1930 2712 memoire3
1953 2655 1991 2702 il
2014 2671 2077 2705 ne
2110 2660 2268 2708 savait

418 2740 473 2788 ni
496 2740 567 2787 les
585 2740 679 2787 lois
699 2739 758 2787 de
775 2723 948 2799 mitat,
974 2741 1029 2788 ni
1048 2741 1094 2789 le
1116 2740 1246 2788 droit
1271 2740 1387 2787 civil
1415 2745 1464 2788 et
1489 2739 1787 2801 particulier.
1817 2738 1882 2789 ce
1907 2743 2033 2788 n’est
2056 2757 2142 2804 pas
2174 2757 2264 2805 que

418 2827 630 2877 d’autres
655 2834 891 2884 orateurs,
918 2833 965 2875 et
986 2830 1142 2875 meme
1165 2827 1223 2874 de
1247 2826 1347 2874 fort
1366 2824 1569 2888 habiles,
1594 2827 1778 2875 n’aient
1799 2827 1874 2874 ete
1894 2842 2083 2876 comme
2101 2830 2176 2878 lui
2199 2847 2265 2879 un

418 2930 512 2980 peu
538 2917 787 2977 etrangers
813 2916 843 2962 ὲ
867 2929 947 2963 ces
975 2916 1346 2962 connaissances
1373 2936 1387 2969 ς
1413 2908 1504 2979 par
1534 2916 1772 2979 exemple,
1803 2915 2049 2979 Sulpicius
2077 2925 2126 2967 et
2154 2921 2267 2967 An-

419 3005 577 3060 toiue3
603 3002 728 3050 mais
758 3017 822 3050 au
857 3002 1017 3050 moins
1041 3003 1106 3050 ils
1137 3003 1355 3051 savaient
1375 3004 1638 3066 accomplir
1667 3008 1775 3052 tout
1796 3005 1949 3052 entier
1979 3005 2184 3055 l'oeuvre
2205 3006 2268 3056 de

417 3090 471 3140 la
497 3090 683 3153 parole.
704 3089 805 3138 Des
829 3090 945 3153 cinq
970 3091 1148 3153 parties
1173 3091 1293 3139 dont
1312 3092 1349 3138 il
1372 3106 1422 3140 se
1445 3106 1684 3154 compone,
1711 3098 1867 3155 etque
1890 3098 1997 3142 tout
2020 3095 2069 3142 le
2090 3095 2270 3143 monde

419 3179 636 3236 connait,
666 3191 757 3239 pas
788 3191 857 3227 un
894 3175 1040 3224 d’eux
1075 3177 1354 3227 n’echouait
1385 3179 1751 3242 completement
1780 3179 1901 3227 dans
1925 3196 2117 3229 aucune
2136 3202 2151 3232 ε
2182 3196 2269 3230 car

419 3263 622 3315 celui-la
643 3279 704 3311 ne
726 3264 875 3313 serait
893 3265 1004 3328 plus
1034 3273 1247 3326 orateur,
1269 3267 1354 3330 qui
1371 3269 1677 3331 manquerait
1700 3274 1810 3315 tout
1832 3270 1861 3315 ὲ
1880 3268 1972 3316 fait
1993 3271 2023 3315 a
2049 3270 2155 3317 l’un
2181 3269 2269 3318 dee

418 3350 610 3400 devoirs
633 3352 881 3401 essentiels
909 3353 968 3401 de
994 3369 1084 3402 son
1111 3362 1204 3402 art.
1231 3354 1488 3404 Toutefois
1504 3354 1690 3402 chacun
1717 3355 1848 3404 avait
1866 3371 1922 3403 ea
1947 3358 2103 3419 partie
2132 3359 2200 3407 ou
2226 3358 2269 3407 il

420 3438 644 3486 excelluit
670 3440 780 3502 plus
806 3456 899 3504 que
922 3441 1042 3489 dans
1068 3443 1115 3490 18
1135 3451 1276 3490 reste.
1306 3444 1519 3491 Antoine
1541 3443 1697 3490 savait
1717 3448 1914 3490 trouver
1942 3459 2016 3491 ees
2039 3458 2262 3506 moyens,

420 3525 492 3572 les
520 3527 744 3590 preparet
774 3543 889 3579 avec
914 3530 1128 3591 adresse,
1164 3531 1234 3578 les
1266 3539 1438 3580 mettre
1464 3533 1494 3578 ἐι
1528 3531 1635 3578 leur
1670 3529 1822 3592 place.
1852 3530 1915 3579 Sa
1941 3530 2174 3578 memoire
2203 3547 2269 3580 en
