2592 4084
1095 389 1348 435 saurus.
2068 377 2135 435 19

306 506 437 569 quod
456 507 674 555 colemus
696 506 764 553 ita
786 476 1041 569 diligenter
1093 519 1185 568 que
1209 519 1332 553 nous
1357 497 1647 553 eul'tiverons
1680 506 1723 565 si
1746 505 2138 569 seigneusement

305 582 365 620 ut
399 574 642 634 possimus
671 587 845 636 augere
1093 585 1189 633 que
1219 586 1343 618 nous
1369 571 1610 634 puissions
1635 576 1868 622 aeeroltre

304 640 453 686 etiam
478 637 732 700 impendiis
1093 641 1248 684 meme
1270 652 1357 698 par
1380 638 1452 684 les
1480 638 1675 685 inte'ret·

304 700 585 766 largitatem
605 704 674 751 tui
699 704 935 762 muneris;
1091 701 1142 750 la
1160 703 1428 765 genero-site
1450 702 1509 750 de
1530 710 1613 751 ton
1641 704 1859 770 presentg

304 771 454 817 modo
483 778 642 817 noster
662 771 854 818 animus
1092 784 1281 833 pourvu
1306 783 1397 830 que
1425 776 1564 817 notre
1584 771 1731 832 esprit

305 837 463 898 possit
483 836 668 883 efficere
1094 837 1257 898 puisse
1285 835 1407 882 faire

306 903 439 949 idem
466 901 592 963 quod
615 916 749 964 ager,
1093 901 1145 948 la
1173 902 1327 948 meme
1346 901 1487 948 chose
1509 900 1658 962 qu’un
1680 899 1871 963 champ,

306 969 397 1030 qui
432 968 552 1014 solet
578 967 746 1015 efferre
1096 967 1180 1027 qui
1209 982 1239 1013 a
1260 976 1488 1014 coutume
1512 966 1571 1012 de
1587 966 1813 1028 produire

305 1033 476 1093 fruges
504 1034 766 1090 uberiores,
1097 1033 1178 1079 des
1199 1032 1345 1079 fruits
1372 1033 1482 1094 plus
1516 1032 1805 1088 abondants,

304 1114 457 1161 quum
484 1100 665 1146 ouievit
675 1101 856 1147 multos
869 1112 1039 1147 anuos.
1097 1099 1258 1161 quand
1284 1100 1322 1144 il
1348 1113 1370 1145 s
1374 1099 1459 1145 ’est
1490 1100 1657 1161 repose
1677 1098 1919 1161 plusieurs
1944 1100 2137 1151 auue'es.

375 1188 434 1199 -
462 1166 587 1212 Tum
605 1160 710 1222 ine,
1163 1190 1228 1202 -ι-
1245 1165 1390 1211 Alors
1411 1165 1501 1222 lui,
1747 1172 1778 1194 ¹⁸

306 1229 413 1292 Ego
436 1245 562 1290 vero,
595 1238 642 1278 et
662 1231 947 1291 exspectabo
1097 1230 1229 1277 Pour
1250 1232 1371 1289 moi,
1396 1241 1443 1276 et
1460 1230 1481 1293 j
1486 1229 1747 1277 ’attendrai

306 1310 365 1343 ea.
386 1310 493 1356 quse
520 1297 779 1358 polliceris,
942 1314 949 1323 ·
1096 1296 1167 1343 les
1182 1295 1349 1344 choses
1373 1310 1464 1358 que
1487 1306 1539 1342 tu
1560 1303 1787 1357 promets,

306 1376 460 1423 neque
478 1365 692 1424 exigam,
1097 1368 1145 1409 et
1159 1364 1208 1423 je
1227 1377 1286 1408 ne
1323 1366 1385 1409 10⁸
1407 1362 1685 1409 reclamerai
1708 1377 1812 1424 pas,

305 1428 402 1475 nisi
427 1435 511 1475 tuo
531 1427 800 1485 commodo,
1097 1429 1137 1474 si
1157 1443 1211 1476 ee
1234 1429 1358 1475 n’est
1379 1429 1409 1473 ὲ
1432 1438 1483 1474 ta
1504 1428 1813 1484 commodite,

305 1500 354 1540 et
382 1503 524 1541 erunt
542 1501 768 1557 pergrata
789 1493 928 1554 mihi,
1097 1504 1145 1540 et
1165 1493 1280 1542 elles
1310 1500 1474 1540 serent
1498 1495 1870 1557 tres-agreables
1892 1496 1922 1543 ὲ
1945 1495 2061 1555 moi,

305 1560 349 1605 si
374 1559 590 1606 solveris.
1098 1560 1138 1608 si
1164 1566 1217 1607 tu
1231 1560 1505 1622 t’aequittes
1526 1575 1625 1607 avec
1646 1566 1753 1608 moi.

302 1651 374 1661 —
391 1625 461 1672 Ea
477 1640 584 1686 quae
603 1624 846 1687 polliceris
863 1626 1042 1682 Attico,
1097 1624 1162 1674 ce
1184 1639 1279 1687 que
1308 1632 1361 1672 tu
1385 1635 1596 1688 promets
1617 1628 1647 1672 ὰ
1668 1626 1875 1683 Atticus,

303 1692 465 1751 inquit
481 1692 678 1750 Brutus,
1097 1690 1170 1737 dit
1205 1692 1406 1747 Brutus,

304 1766 354 1802 et
389 1757 710 1818 exspectanda
730 1770 846 1806 sunt
1097 1763 1167 1803 est
1188 1756 1489 1804 devant-&tre
1504 1756 1702 1805 attendu
1721 1759 1851 1806 aussi

304 1821 433 1869 mihi
461 1838 681 1886 quoque;
1097 1837 1185 1883 par
1207 1825 1305 1870 moi
1327 1824 1626 1885 egalement3

304 1889 395 1937 etsi
419 1902 510 1948 ego
531 1902 687 1949 petam
708 1889 907 1936 fortasse
926 1904 955 1935 a
977 1896 1041 1947 te,
1098 1889 1309 1949 quoique
1322 1888 1373 1950 je
1393 1889 1697 1938 demanderai
1727 1892 1971 1953 peut—etro
1994 1891 2024 1937 it
2045 1888 2136 1948 toi,

305 1962 590 2015 procurator
612 1955 916 2003 voluntarius
1098 1954 1396 2002 mendataire
1419 1954 1646 2004 officieux

303 2018 476 2080 hujus,
1100 2019 1158 2067 de
1176 2019 1392 2075 celui-ei,

303 2085 437 2147 quod
463 2085 580 2146 ipse,
608 2085 687 2131 eui
721 2083 879 2141 debes,
1099 2099 1152 2133 ee
1184 2100 1275 2148 que
1297 2086 1571 2143 lui-meme,
1600 2089 1630 2134 ὲ
1664 2089 1746 2150 qui
1773 2095 1829 2137 tu
1853 2086 1960 2134 dois

303 2161 456 2212 negat
480 2166 530 2197 se
550 2158 840 2199 exacturum
1099 2152 1178 2198 nie
1201 2152 1270 2199 soi
1295 2151 1457 2199 devoir
1472 2153 1635 2216 exiger

303 2217 636 2265 incommodo.
1098 2220 1509 2281 contre-ton-gre.

373 2283 435 2329 V.
465 2310 529 2318 —
551 2285 617 2331 At
641 2297 769 2339 vero,
791 2282 1009 2345 inquam,
1164 2283 1228 2331 V.
1252 2306 1317 2318 —
1337 2285 1461 2332 Mais
1486 2298 1550 2331 au
1579 2282 1839 2339 contraire,
1877 2283 2039 2346 dis-je,

303 2363 403 2395 non
429 2363 519 2411 ego
542 2351 727 2397 solvam
744 2349 850 2404 tibi.
876 2350 1042 2408 Brute,
1093 2348 1146 2411 Je
1172 2364 1232 2397 ue
1254 2351 1448 2412 payerei
1469 2366 1553 2410 pas
1579 2352 1609 2396 ὰ
1632 2349 1719 2403 toi,
1745 2350 1944 2405 Brutus,

305 2416 399 2461 nisi
429 2428 597 2462 osvero
616 2429 646 2461 a
669 2422 716 2465 te
1098 2417 1129 2462 ὲ
1150 2416 1309 2463 moins
1335 2430 1426 2477 que
1461 2417 1511 2478 je
1539 2418 1666 2464 n’aie
1689 2417 1884 2478 reon-la
1918 2415 2140 2480 gerentis

305 2482 460 2543 prius,
1096 2488 1411 2544 superavaut,

304 2547 712 2609 neminem‚eujus
740 2546 905 2610 petitio
927 2548 1008 2606 sit,
1095 2562 1347 2609 personne,
1374 2550 1403 2593 'a
1425 2548 1506 2609 qui
1526 2547 1837 2596 reclamation
1856 2547 1969 2610 soit,

304 2614 571 2675 petiturum
593 2613 804 2675 amplius
1096 2612 1258 2662 devoir
1276 2613 1536 2660 demandet
1555 2618 1655 2659 rien
1676 2615 1733 2662 de
1755 2611 1861 2677 plus

305 2693 364 2726 eo
386 2679 595 2725 nomine.
1094 2683 1122 2724 ὰ
1141 2694 1194 2726 ee
1216 2681 1341 2726 titre.

306 2771 375 2779 —
400 2744 507 2791 Non
531 2759 676 2791 ausus
709 2746 817 2805 sim,
1093 2774 1156 2785 —
1189 2745 1249 2794 Je
1271 2745 1317 2792 n’
1323 2744 1518 2802 oserais,

307 2810 601 2867 mehercule,
1093 2826 1181 2872 per
1201 2811 1425 2867 Hercule,

309 2878 486 2936 inquit,
518 2875 847 2939 repromittere
1096 2876 1255 2933 dit-il,
1277 2883 1535 2938 promettre
1562 2891 1621 2924 en
1642 2881 1804 2924 retour

308 2942 436 2991 istuc
471 2943 662 3003 quidem
694 2942 808 2999 tibi,
1095 2945 1201 2992 oela
1222 2953 1373 2991 certes
1398 2945 1428 2989 ὰ
1453 2943 1549 2999 toi3

308 3022 423 3056 nam
435 3009 573 3055 video
584 3006 1045 3072 huneflagitatorem
1097 3024 1179 3058 ear
1199 3009 1250 3070 je
1273 3011 1378 3056 vois
1410 3023 1464 3055 ee
1500 3008 1742 3056 cresneier

310 3075 396 3136 qui
420 3079 581 3136 negat,
1096 3076 1180 3139 qui
1202 3075 1282 3122 nie
1306 3074 1488 3132 (devoir
1509 3076 1608 3120 etre
1625 3074 1875 3137 pressant),

309 3140 416 3188 fore
439 3155 533 3187 non
554 3140 694 3187 illum
721 3138 914 3201 quidem
1098 3141 1262 3189 devoir
1295 3143 1397 3188 ἐτι-ο
1417 3154 1514 3187 ιιοιι
1539 3153 1622 3201 pas
1643 3139 1919 3204 (ereaneier)

311 3206 572 3253 molestum
594 3205 704 3265 tibi,
1099 3206 1346 3270 importun
1371 3221 1492 3269 pour
1517 3206 1600 3265 toi,

312 3270 398 3320 sed
431 3271 678 3318 assiduum
698 3280 880 3319 tamen.
1102 3274 1224 3320 mais
1245 3277 1465 3334 pressant
1482 3270 1548 3318 du
1568 3271 1745 3319 moins.

310 3361 373 3372 —-
395 3336 524 3384 Tum
549 3337 868 3414 Pomponius,
1103 3364 1167 3374 —
1191 3339 1335 3387 Alors
1358 3338 1667 3399 Pomponius,

309 3401 419 3464 Ego
443 3417 581 3456 vero,
609 3402 785 3465 inquit,
1103 3405 1234 3452 Pour
1267 3406 1383 3462 moi,
1405 3404 1498 3451 dit·
1498 3405 1554 3462 il,

312 3473 431 3527 puto
456 3468 663 3516 Brutum
692 3470 888 3518 mentiri
906 3468 1054 3518 nihil.
1099 3470 1149 3532 je
1171 3470 1295 3518 crois
1328 3471 1509 3517 Brutus
1543 3483 1605 3516 ne
1625 3468 1803 3517 meutir
1837 3483 1897 3517 eu
1921 3468 2045 3515 rien.

310 3531 461 3581 Enim
489 3534 681 3581 videor
664 3549 768 3596 Jam
1104 3537 1200 3587 Car
1211 3535 1583 3596 je-me-semble
1600 3533 1709 3595 dejis
