2592 4084
1035 388 1293 434 BRUTUS.
1385 428 1392 439 .
1979 382 2052 436 29
2063 382 2097 435 9

229 515 419 568 quanta
441 505 672 553 severitas
691 505 742 552 in
762 503 928 551 vultu!
1033 505 1193 567 quelle
1221 508 1420 555 sever-ite
1448 506 1568 555 dans
1599 509 1646 556 le
1671 509 1865 573 visage!

230 581 467 635 quantum
498 572 688 634 pondus
713 573 766 620 in
791 569 977 618 verbis!
1032 572 1192 633 quelle
1214 575 1424 621 autorite'
1451 574 1572 622 dans
1592 591 1659 622 ses
1677 575 1895 638 pax-oles!

227 655 376 701 quam
401 639 528 687 nihil
1030 652 1220 686 comme
1244 641 1349 686 rien

228 706 713 755 nonxcouaideratum
1032 702 1079 751 d'
1081 703 1325 754 irrefleehi

224 774 395 821 exibat
417 789 478 820 ex
503 773 610 820 ore!
1030 785 1088 818 m
1112 773 1285 818 sortait
1308 771 1365 819 de
1392 788 1443 821 sa
1475 773 1689 822 boucha!

294 865 362 876 -—
385 839 514 887 Tum
540 839 751 898 Brutus,
1095 864 1162 873 —
1187 838 1332 887 Alore
1351 840 1557 896 Brutus,

227 913 502 954 commotus
532 905 778 953 mentione
1028 903 1139 951 emu
1167 903 1234 951 du
1264 907 1496 954 souvenir

226 971 465 1034 Torquati
493 978 542 1019 ct
566 971 748 1019 Triarii
1031 968 1090 1016 de
1112 971 1392 1032 Torquatus
1416 981 1463 1020 et
1485 973 1544 1020 de
1568 973 1794 1022 Triarius

227 1037 488 1096 (dilexerat
503 1039 635 1085 enim
649 1036 909 1087 admodum
1028 1037 1135 1095 (car
1160 1037 1198 1083 il
1222 1039 1357 1086 avait
1380 1038 1514 1087 cheri
1540 1039 1795 1102 beaucoup

227 1112 493 1166 utrumque
518 1104 714 1166 eorum)
730 1137 743 1162 ,
1026 1102 1271 1151 l”uu-et-l
1275 1114 1417 1153 autre
1444 1106 1501 1153 de
1533 1121 1683 1155 ceux·
1688 1107 1784 1168 ci),

225 1169 315 1219 Nae
335 1185 445 1233 ego,
478 1170 639 1232 iuquit
1028 1167 1156 1230 Oui,
1192 1172 1320 1234 moi,
1358 1171 1453 1219 dit·
1457 1172 1495 1221 il

226 1237 304 1296 (ut
326 1238 547 1284 omittam
575 1243 760 1291 cetera,
1029 1237 1165 1297 (sans
1191 1237 1358 1298 parler
1381 1239 1468 1287 dea
1495 1245 1852 1302 autres-faits,

226 1317 332 1365 quae
358 1310 474 1351 sunt
492 1302 918 1364 innumerabilia),
1026 1303 1111 1363 qui
1143 1311 1255 1351 sont
1280 1304 1693 1367 innombrables),

226 1384 378 1431 quum
392 1370 556 1432 cogito
569 1369 629 1417 de
641 1369 749 1417 istie
759 1369 965 1430 duobus,
1025 1368 1189 1430 quand
1211 1369 1262 1431 je
1285 1386 1438 1435 conge
1461 1373 1492 1418 a
1512 1386 1588 1420 ces
1607 1371 1738 1420 deux
1764 1373 1985 1433 hommes,

225 1435 364 1484 doleo
1020 1435 1073 1496 je
1092 1441 1301 1498 regrette

222 1508 360 1551 tuam
378 1502 715 1550 auctoritatem
1025 1507 1096 1548 tes
1118 1503 1326 1550 conseils

224 1577 502 1630 perpetuam
528 1568 586 1616 de
612 1584 729 1631 pace
1024 1567 1293 1616 incessante
1326 1583 1450 1630 pour
1476 1567 1526 1616 la
1551 1571 1670 1631 paix

221 1634 352 1683 nihil
373 1635 610 1682 valuisse!
1025 1633 1215 1682 n’avoir
1239 1650 1301 1682 eu
1327 1649 1492 1682 aucun
1525 1637 1750 1685 resultat!

219 1715 335 1748 nam
368 1701 643 1764 respublica
1025 1714 1111 1747 car
1139 1701 1190 1747 la
1224 1701 1513 1764 republique

219 1767 508 1829 perdidisset
1023 1766 1189 1814 aurait
1211 1768 1366 1829 perdu

217 1848 312 1881 nec
332 1835 452 1884 istos
470 1835 607 1882 viros
626 1833 939 1894 excellentes,
1022 1834 1077 1880 ni
1105 1848 1183 1880 cea
1205 1833 1426 1883 hommes
1446 1837 1707 1893 eminent&

216 1914 310 1948 nec
341 1901 524 1948 multos
553 1901 676 1948 alios
1021 1899 1075 1946 ni
1099 1900 1350 1963 beaucoup
1373 1900 1584 1951 d’autree

214 1966 352 2014 cives
382 1972 689 2028 praestantes.
1022 1965 1242 2030 citoyens
1278 1968 1568 2030 distingues.

287 2058 353 2069 -
383 2032 639 2093 sileamus,
670 2033 897 2096 inquam,
1091 2058 1154 2070 -—
1180 2034 1568 2096 'rainone-noue,
1600 2035 1780 2100 dis-je,

212 2097 398 2155 Brute,
425 2098 482 2145 de
501 2100 633 2154 istis,
1019 2098 1228 2157 Brutus,
1262 2115 1347 2148 sur
1373 2115 1428 2148 ce
1455 2103 1613 2163 διῄει,

213 2179 280 2212 ne
302 2179 574 2227 augeamus
595 2167 845 2217 dolorem=
1019 2178 1160 2227 pour-
1159 2181 1334 2229 ne-pas
1368 2173 1601 2216 accroitre
1627 2168 2017 2220 notre-douleure

212 2245 334 2278 nam
359 2238 409 2279 et
434 2232 704 2282 mcor-datio
1017 2245 1104 2278 car
1133 2239 1182 2279 et
1214 2231 1261 2279 le
1293 2235 1523 2283 convenit

212 2297 579 2359 proeteritorum
1020 2295 1088 2342 du
1116 2300 1257 2360 passe

209 2368 290 2411 eet
314 2364 488 2413 acerba
502 2399 515 2423 ,
1017 2369 1092 2410 est
1116 2378 1265 2424 amer,

210 2434 267 2477 et
280 2432 571 2493 exspectatio
1019 2435 1069 2477 et
1093 2430 1316 2479 l'atteute

211 2495 515 2558 reliquorum
1021 2495 1082 2544 de
1107 2510 1162 2545 oe
1193 2499 1279 2560 qui
1313 2505 1439 2546 reate

212 2562 447 2612 acerbior.
1022 2562 1134 2624 (est)
1158 2564 1271 2627 plus
1293 2565 1487 2627 penible
1511 2566 1740 2628 (encore)

209 2627 382 2691 Itaque
1020 2627 1154 2678 C’eat
1179 2633 1427 2694 pourquoi

211 2698 500 2744 omittamus
526 2698 710 2762 lugere,
1018 2709 1217 2744 cessone
1238 2697 1299 2745 de
1325 2698 1502 2762 gemit,

206 2767 262 2809 et
278 2763 594 2823 praedicemus
615 2772 808 2816 tantum
1016 2769 1065 2811 et
1092 2765 1380 2828 appreciona
1414 2765 1681 2812 seulement

209 2826 330 2891 quid
349 2831 551 2892 quisque
573 2834 784 2894 potuerit
1013 2843 1069 2877 ce
1090 2829 1214 2879 dont
1234 2830 1426 2879 chacun
1453 2846 1484 2878 a
1507 2832 1583 2878 ete
1603 2829 1805 2893 capable

206 2893 414 2944 dicendo
1010 2909 1071 2943 en
1105 2897 1301 2959 pax-lant

208 2960 459 3023 (quoniam
481 2964 747 3025 quaerimus
765 2965 856 3030 id).
1012 2964 1242 3026 (puisque
1264 2979 1392 3013 nous
1420 2963 1688 3012 cherchons
1715 2963 1858 3024 cela).

275 3026 529 3078 LXXVII.
556 3029 665 3079 Ex
651 3033 713 3080 1is
734 3032 907 3094 etiam,
1077 3029 1327 3081 LXXVII.
1360 3030 1526 3079 Parmi
1551 3044 1679 3078 ceux
1706 3028 1907 3093 encore)

204 3094 292 3155 qui
319 3095 603 3145 occiderunt
1009 3097 1094 3160 qui
1117 3106 1205 3151 ont
1226 3098 1329 3160 peri

206 3158 375 3210 eodem
402 3162 554 3220 bello,
1010 3165 1132 3210 dana
1155 3164 1206 3211 la
1231 3167 1385 3211 meme
1409 3179 1600 3226 guerre,

206 3233 324 3275 aunt
340 3227 410 3276 M.
433 3229 661 3285 Bibulus,
1010 3236 1123 3279 aont
1142 3229 1215 3280 M.
1240 3230 1476 3293 Bibulus,

203 3294 293 3354 qui
317 3301 365 3341 et
387 3296 677 3359 scriptitavit
1013 3296 1099 3358 qui
1123 3301 1171 3344 et
1192 3296 1365 3344 ecrivit

205 3366 432 3406 accurate
444 3395 457 3419 ,
1011 3363 1265 3411 avec-sein
1283 3399 1299 3423 ,

204 3425 480 3487 proesertim
508 3442 659 3489 quum
1010 3434 1203 3477 aurtout
1227 3430 1440 3491 quoique

206 3506 308 3539 non
339 3498 466 3539 esset
488 3500 668 3553 orator,
1012 3495 1052 3544 il
1075 3508 1139 3542 ne
1170 3494 1248 3543 fut
1276 3510 1365 3558 pas
1390 3501 1606 3551 orateur,

206 3564 255 3607 et
284 3558 389 3623 egit
422 3559 582 3608 multa
613 3566 918 3622 constantem
1009 3567 1061 3610 et
1078 3559 1137 3610 fit
1156 3560 1409 3626 beaucoup
1429 3561 1485 3610 de
1511 3561 1681 3610 choses
1701 3573 1819 3608 avec
1844 3558 2067 3606 fermete·
