2592 4084
1028 319 1273 371 BRUTUS
1284 348 1296 364 .
2001 313 2093 368 63

221 438 407 488 Catone
422 451 638 485 censore.
1027 436 1179 486 Caton
1203 439 1328 483 deam
1357 451 1577 485 censent.

292 502 583 565 Igitur-Cato
595 508 879 551 consecutus
897 508 971 550 ast
1092 503 1234 550 Ainsi
1261 503 1417 550 Caton
1440 504 1967 568 suivit-par-le-temps

221 567 357 615 huno
382 568 674 631 Cethegum,
1025 582 1078 616 ee
1096 568 1353 629 Cethegus,

222 635 311 694 qul
334 631 431 680 fuit
454 634 625 682 consul
1024 634 1109 696 qui
1134 634 1208 681 fut
1230 634 1401 681 consul

220 711 288 747 11
310 700 455 747 annis
476 707 585 761 post
607 714 738 747 eum.
1025 699 1146 747 neuf
1162 715 1252 747 ans
1271 702 1410 763 apres
1430 701 1519 748 lui.

217 764 324 813 Nos
347 765 583 812 habemus
606 781 716 814 eum
851 810 859 819 ,
1024 767 1157 815 Nous
1179 765 1444 827 regardons
1459 765 1529 813 lui

220 839 281 878 ut
299 841 608 893 perveterem,
1024 844 1208 878 comme
1228 832 1541 888 tres-ancien,

222 899 311 957 qui
333 905 557 944 mortuus
575 903 645 944 est
832 950 837 953 ,
1023 897 1104 958 qui
1128 904 1342 954 mourut,

222 962 285 1010 L.
315 963 517 1020 Marcio,
543 962 609 1011 Μ’
632 960 836 1010 Manilio
1032 962 1088 1010 L.
1116 962 1344 1019 Marcius.
1374 963 1440 1012 Μ’
1460 962 1696 1011 Manilius

221 1028 522 1085 consulibus,
1023 1028 1234 1086 consuls,

223 1095 372 1143 annis
391 1107 603 1142 Lxxxux
632 1094 751 1156 ipsis
1023 1095 1505 1158 quatre-vingt-trois
1527 1108 1616 1140 ans
1639 1097 1798 1144 meme

222 1170 341 1208 ante
364 1175 441 1207 me
461 1160 728 1207 consulem.
1022 1168 1170 1207 avant
1194 1162 1292 1208 moi
1318 1161 1509 1208 consul.

281 1224 417 1274 XVI.
456 1226 558 1274 Nec
580 1240 692 1272 vero
714 1224 869 1273 habeo
1086 1225 1223 1275 XVI.
1256 1228 1322 1275 Et
1345 1242 1404 1275 en
1430 1227 1579 1274 verite
1598 1226 1651 1287 Je
1681 1227 1782 1275 n'ai

222 1306 520 1354 quemqnam
539 1292 882 1353 antiquiorem,
1021 1305 1256 1354 personne
1275 1294 1385 1354 plus
1403 1293 1593 1354 ancien,

222 1358 370 1419 eujus
390 1368 551 1418 putem
574 1356 769 1420 quidem
1022 1358 1140 1406 dont
1169 1359 1219 1420 je
1248 1373 1393 1420 pense
1417 1360 1483 1405 du
1511 1363 1670 1406 moins

221 1424 409 1485 scripta
425 1422 726 1485 proferenda,
1021 1422 1090 1471 les
1119 1426 1263 1471 een-its
1286 1425 1449 1472 devoir
1482 1427 1582 1472 etre
1607 1423 1845 1488 produits,

221 1489 324 1536 nisi
348 1489 453 1536 haee
478 1489 584 1553 ipsa
600 1488 756 1538 oratio
1022 1489 1053 1536 a
1082 1491 1241 1537 moins
1264 1504 1358 1550 que
1380 1504 1435 1538 ce
1452 1492 1607 1539 meme
1629 1492 1846 1540 discours

221 1555 374 1618 Appii
395 1554 522 1603 Caeci
543 1555 601 1603 de
620 1554 831 1616 Pyrrho,
1023 1554 1257 1618 d'Appius
1279 1555 1448 1604 Caecus
1469 1571 1552 1605 sur
1569 1557 1802 1620 Pyrrhus,

221 1628 275 1669 et
298 1622 549 1669 nonnulla
571 1620 877 1670 laudationes
1020 1626 1068 1669 et
1084 1623 1315 1683 quelques
1334 1621 1494 1683 eloges

222 1695 532 1735 mortuorum
1021 1685 1080 1734 de
1102 1698 1254 1736 morts

225 1752 471 1800 delectant
496 1754 621 1802 forte
644 1752 876 1816 aliquem.
1018 1767 1075 1799 m
1097 1752 1351 1801 obaz-ment
1383 1767 1471 1814 par
1505 1753 1684 1802 hasard
1717 1756 2008 1820 quelqu’um

222 1818 293 1867 Et
316 1818 537 1866 hercules
1017 1817 1082 1867 Et
1105 1833 1192 1880 par
1219 1819 1429 1867 Hercule

219 1883 302 1932 hae
333 1884 527 1946 quidem
552 1890 766 1942 exstant3
1018 1886 1210 1933 ceux-oi
1236 1885 1306 1931 du
1327 1885 1485 1932 moins
1507 1885 1774 1935 subsistent
1802 1904 1816 1935 ε

219 1950 343 2012 ipsae
368 1953 498 1998 enim
536 1951 739 1999 familiae
1019 1964 1103 1997 oar
1122 1951 1193 1998 les
1218 1950 1427 1999 familles
1447 1950 1764 2001 elles-memes

216 2017 484 2064 servabant
501 2017 639 2077 quasi
1018 2017 1352 2064 conservaient
1377 2031 1435 2063 en
1444 2018 1830 2080 ·quelque·sorte

216 2096 313 2130 aua
348 2088 639 2130 ornamenta
1017 2080 1146 2129 leurs
1169 2083 1305 2129 titres

215 2161 281 2196 ao
299 2155 637 2206 monumenta,
1019 2154 1068 2194 et
1084 2155 1408 2203 monuments,

217 2220 274 2262 et
290 2212 358 2261 ad.
381 2228 546 2272 usum,
1020 2217 1069 2260 et
1100 2228 1222 2274 pour
1243 2230 1296 2261 on
1319 2218 1435 2275 faire
1462 2229 1627 2280 usage,

216 2279 267 2327 si
288 2279 398 2341 quis
432 2279 649 2342 ejusdem
676 2276 868 2346 generis
1021 2278 1062 2326 si
1086 2280 1346 2341 quelqu'un
1373 2281 1431 2328 de
1465 2282 1515 2328 la
1536 2284 1691 2330 meme
1711 2282 1902 2332 famille

215 2343 490 2399 oooidisset.
1018 2346 1457 2400 venait-a·mourir.

220 2416 276 2459 et
296 2410 360 2458 ad
381 2413 664 2460 memoriam
1019 2417 1068 2458 et
1088 2426 1211 2473 pour
1231 2416 1462 2472 perpatuer-
1478 2412 1526 2459 le
1544 2412 1770 2461 souvenir

218 2475 429 2537 laudum
456 2477 847 2540 domesticarum,
1019 2476 1079 2525 de
1103 2477 1153 2526 la
1174 2479 1333 2541 gleire
1351 2478 1666 2540 domestique‚

218 2551 272 2590 et
288 2541 353 2589 ad
367 2543 668 2594 nobilitatem
693 2561 833 2596 suam
1018 2550 1067 2590 et
1096 2558 1218 2606 pour
1242 2545 1348 2593 leur
1366 2543 1586 2591 noblesse

218 2607 566 2657 illustrandam
593 2626 606 2657 ε
1019 2608 1637 2658 devant-etre-rehausseez

217 2688 498 2737 quanquam
526 2675 731 2725 historia
1016 2673 1252 2738 bien-que
1275 2677 1513 2725 l’histoire

217 2749 501 2790 nostrarum
526 2756 687 2791 rerum
1018 2739 1076 2789 de
1095 2756 1185 2791 nos
1207 2742 1584 2806 faits-et-gestes

218 2806 357 2854 faeta
378 2815 454 2856 est
477 2807 754 2858 mendosior
1015 2806 1111 2856 soit
1133 2807 1345 2857 devenue
1369 2809 1479 2872 plus
1503 2808 1801 2858 defectueuse

217 2871 301 2920 his
324 2873 706 2923 laudationibus.
1016 2875 1258 2935 par-suite
1281 2875 1339 2921 de
1363 2886 1441 2923 ees
1465 2873 1648 2937 elegea.

215 2937 382 2987 Multa
413 2942 539 2989 enim
1016 2938 1114 2990 Car
1141 2941 1252 2989 bien
1272 2939 1355 2989 des
1377 2942 1492 2990 faits

218 3010 340 3052 sunt
373 3007 550 3069 scripta
570 3006 625 3055 in
647 3011 732 3068 eis,
1016 3016 1104 3054 ont
1125 3008 1199 3055 ete
1218 3007 1416 3055 inser-its
1436 3009 1504 3065 la,

215 3084 332 3132 quae
359 3087 456 3119 non
486 3081 603 3121 sunt
624 3075 772 3132 faeta,
1016 3073 1099 3134 qui
1126 3074 1268 3120 n’ont
1296 3088 1381 3135 pas
1406 3088 1467 3122 eu
1488 3073 1606 3135 lieu,

216 3138 458 3200 triumphi
480 3139 607 3197 falsi,
1015 3137 1098 3187 des
1121 3138 1387 3201 triomphes
1404 3136 1741 3203 imagiuaires,

215 3204 387 3265 plures
408 3207 689 3255 consulatus
1014 3205 1124 3267 plus
1151 3205 1269 3252 d’un
1294 3206 1541 3265 consulat,

213 3283 400 3331 genera
417 3272 563 3319 etiam
584 3273 728 3329 falsa,
1011 3270 1094 3320 des
1115 3271 1418 3335 genealogies
1443 3274 1600 3322 meme
1620 3270 1826 3331 fausses,

213 3342 266 3382 et
297 3337 609 3388 transitiones
630 3355 662 3389 a
693 3338 849 3402 plebe,
1012 3344 1061 3386 et
1083 3338 1167 3387 des
1184 3339 1603 3397 anoblissements,

210 3414 369 3462 quum
393 3401 613 3455 homines
637 3404 925 3456 humiliores
1012 3403 1177 3465 quand
1194 3405 1277 3451 des
1300 3403 1517 3453 hommes
1542 3405 1741 3455 obseura

207 3466 586 3520 infunderentur
1009 3472 1187 3520 etaient
1211 3472 1506 3533 transportet
