2592 4084
291 472 484 536 Appius
502 469 763 529 Claudius,

292 549 413 587 tuns
435 552 586 594 socer,

291 620 433 654 meus
458 605 647 664 collega.

292 678 344 720 et
370 670 654 732 familiaris3

293 737 375 787 hic
398 738 499 798 jam
523 736 619 783 fuit

294 812 344 852 et
361 804 479 852 satis
501 801 749 850 studiosus
761 834 776 857 ,

293 878 343 918 et
362 884 514 932 quum
533 867 672 915 valde
691 867 875 924 doctus,

293 944 400 983 tum
434 936 582 983 etiam
605 942 769 982 orator

293 1002 606 1056 exercitatus,

291 1079 342 1116 et
367 1068 488 1115 bene
511 1068 690 1129 peritus

294 1149 448 1196 quum
465 1133 594 1195 ⁴juris
622 1131 873 1195 auguralis
890 1165 903 1191 ,

292 1211 402 1247 tum
425 1199 584 1247 omnis
607 1199 818 1261 publici,

291 1274 568 1327 nostraque
596 1264 919 1328 antiquitatis.

292 1331 350 1381 L.
369 1331 616 1379 Domitius
649 1330 840 1379 diceb'at

293 1398 379 1445 ille
395 1396 593 1461 quidem
614 1398 757 1445 nulla
772 1402 876 1445 arte
889 1430 902 1454 ,

293 1464 376 1512 sed
401 1465 551 1513 latine
572 1471 761 1522 tamen,

293 1537 343 1578 et
362 1545 472 1578 oum
499 1531 658 1579 multa
679 1531 918 1578 libertate.

293 1595 534 1645 Praeteres
560 1596 658 1645 duo
679 1596 874 1645 Lentuli

292 1664 595 1719 consulares,

293 1742 503 1789 quorum
527 1730 612 1779 ille
639 1728 870 1783 Publius,

294 1796 425 1842 ultor
440 1810 711 1855 nostrarum
724 1795 795 1859 inj
802 1794 1036 1851 uriarum,

292 1871 457 1909 auctor
479 1861 677 1918 salutis,

295 1925 535 1989 quidquid
561 1925 759 1983 habuit,

292 2004 744 2055 quantumcumque
777 1990 901 2047 fuit,

292 2066 450 2108 totum
485 2057 610 2106 illud
629 2073 689 2106 ex
707 2056 962 2120 disciplina
988 2072 1002 2104 z

291 2126 620 2173 instrumenta.
639 2136 828 2173 naturae

294 2190 493 2238 deerant
509 2208 522 2245 ς

292 2258 374 2305 sed
411 2266 576 2305 tantus
613 2256 837 2319 splendor
862 2254 1036 2319 animi,

290 2332 338 2371 et
354 2331 494 2372 tanta
516 2323 834 2385 magnitudo,

293 2397 349 2438 ut
376 2405 476 2438 non
501 2389 746 2438 dubitaret

291 2456 554 2504 adsciscere
582 2456 674 2504 sibi

292 2523 454 2570 omnis
472 2538 580 2584 quae
598 2531 755 2571 essent

290 2588 506 2636 virorum
532 2590 772 2639 clarorum
790 2625 803 2652 ,

290 2655 624 2717 obtineretque
645 2670 703 2704 ea

289 2722 422 2768 omni
446 2721 702 2785 dignitate.

290 2785 346 2836 L.
379 2795 540 2834 autem
565 2787 799 2837 Lentulus

289 2861 394 2899 erat
418 2861 581 2902 orator

289 2919 408 2967 satis
434 2919 591 2981 fortis,

289 2986 331 3033 si
356 2985 499 3033 modo
521 2995 706 3046 orator,

290 3051 376 3099 sed
397 3067 495 3100 non
518 3052 702 3101 ferebat

288 3118 502 3166 laborem
528 3118 806 3183 cogitandi3

287 3198 384 3232 vox
407 3198 605 3244 canora,

287 3250 439 3297 verbs
465 3266 565 3300 non
586 3237 789 3300 horrida
814 3266 945 3312 sane,

288 3320 347 3362 ut
372 3316 527 3366 oratio

288 3386 414 3428 esset
435 3382 579 3442 plens
600 3384 753 3432 animi

286 3454 337 3495 et
359 3449 571 3497 terroris.

288 3512 542 3575 Quaereres
565 3515 771 3565 fortusse

1107 350 1371 395 saurus.
2046 342 2158 398 301

1102 467 1289 530 Appius
1314 465 1570 526 Claudius,

1099 542 1184 582 ton
1204 533 1467 596 beau-pere
1479 567 1494 592 ,

1097 613 1211 648 mon
1244 600 1467 663 collegue

1097 675 1146 714 0ss
1169 667 1295 731 Επιῖς

1097 733 1292 780 celui-ci
1328 745 1502 781 encore
1527 731 1604 781 stit

1099 806 1149 846 et
1174 813 1311 846 sssez
1342 799 1626 853 laborieux‚

1100 871 1149 912 et
1175 866 1565 913 non-seulement
1593 863 1694 912 fort
1726 861 1955 924 instruit,

1099 932 1226 979 mais
1251 946 1425 981 encore
1460 941 1654 980 orateur

1099 999 1282 1056 exerce,

1099 1069 1147 1111 et
1179 1064 1288 1112 bien
1323 1063 1489 1113 habile

1097 1134 1206 1178 tant
1226 1130 1348 1177 dans
1373 1131 1420 1178 le
1440 1128 1570 1179 droit
1586 1129 1824 1195 angural,

1095 1209 1190 1257 que
1212 1195 1334 1244 dans
1356 1201 1466 1244 tout
1487 1197 1558 1259 (le
1583 1196 1730 1261 droit)
1753 1195 1944 1260 publio,

1094 1269 1144 1310 et
1164 1262 1288 1311 dans
1311 1277 1405 1311 nos
1426 1266 1708 1326 antiquites.

1093 1326 1152 1376 L.
1178 1329 1424 1377 Domitius
1442 1330 1617 1392 parlait
1632 1365 1645 1388 ,

1092 1394 1164 1441 lui
1192 1395 1441 1442 du-moins
1464 1411 1576 1444 sans
1599 1411 1759 1446 aucun
1783 1407 1883 1459 art,

1094 1461 1217 1509 mais
1233 1476 1293 1508 en
1316 1462 1439 1509 latin
1462 1463 1728 1524 oependant
1742 1500 1756 1525 ,

1095 1535 1143 1575 et
1164 1542 1279 1575 avec
1304 1526 1489 1591 grande
1511 1528 1700 1578 liberte.

1095 1593 1173 1642 En
1198 1600 1335 1641 outre
1356 1593 1428 1641 les
1451 1593 1578 1642 deux
1602 1596 1835 1646 Lentulus

1093 1662 1713 1720 persovmaqes-consulaires
1726 1700 1741 1724 ,

1097 1726 1215 1774 dont
1241 1727 1286 1774 le
1307 1731 1499 1786 samm
1520 1727 1751 1792 Publius,

1095 1807 1313 1856 vengeur
1342 1793 1398 1840 de
1423 1808 1512 1841 nos
1539 1795 1749 1857 injmes,

1096 1870 1268 1907 auteur
1291 1862 1344 1905 ds
1375 1868 1504 1907 noers
1528 1862 1686 1918 salut,

1097 1932 1202 1973 tout
1220 1940 1275 1973 ce
1299 1925 1418 1986 qu’il
1440 1934 1522 1975 eut
1543 1927 1621 1988 (de
1641 1929 1841 1992 talent),

1093 1991 1631 2056 quelque-grand·qu'il
1665 1995 1741 2042 fut
1755 2031 1772 2053 ,

1093 2058 1223 2118 (dut)
1245 2066 1352 2105 tout
1374 2059 1481 2106 cela
1502 2075 1601 2107 aux
1624 2063 1865 2124 preceptes
1894 2080 1907 2109 ι

1089 2123 1162 2170 les
1191 2138 1460 2173 ressources
1479 2126 1537 2173 de
1561 2128 1610 2174 la.
1632 2137 1805 2177 nature

1091 2193 1159 2237 lui
1190 2192 1533 2254 manquaient3

1091 2257 1217 2305 mais
1242 2272 1338 2305 une
1360 2259 1402 2306 si
1426 2259 1612 2321 grande
1634 2260 1852 2309 noblesse
1877 2262 2058 2319 d’ame,

1092 2328 1143 2372 et
1166 2338 1261 2371 une
1282 2324 1397 2371 telle
1412 2324 1656 2386 grandem·
1675 2326 1874 2389 (etaient
1902 2331 1932 2375 ὲ
1956 2330 2082 2391 lui),

1094 2403 1187 2452 que
1219 2390 1256 2437 il
1282 2389 1529 2438 n’hesitait
1551 2406 1639 2454 pas

1095 2457 1127 2503 it
1160 2456 1396 2504 attribuer
1428 2458 1457 2503 ὲ
1481 2457 1552 2505 soi

1094 2523 1584 2586 tous-les-avsntsges
1607 2524 1691 2587 qui
1715 2525 2081 2588 apparteneient

1094 2603 1194 2635 aux
1218 2589 1437 2636 hommes
1455 2590 1685 2648 illustres,

1092 2666 1142 2701 et
1173 2656 1242 2703 les
1265 2655 1461 2721 gardai’t

1092 2735 1208 2768 avec
1231 2723 1553 2784 toute-espece
1573 2721 1863 2772 d’honneur.

1089 2788 1216 2835 Mais
1238 2788 1293 2837 L.-
1324 2788 1558 2836 Lentulus

1088 2855 1206 2901 etait
1228 2870 1294 2902 un
1321 2863 1513 2903 orateur

1087 2934 1220 2969 assez
1244 2923 1531 2984 vigoureux,

1088 2987 1130 3033 si
1158 2988 1389 3036 toutefois
1417 2988 1473 3048 (il
1493 2988 1587 3048 fut)
1614 2997 1826 3046 orateur,

1086 3055 1212 3101 mais
1232 3054 1272 3102 il
1291 3067 1353 3102 ne
1374 3056 1616 3102 soutensit
1636 3070 1721 3119 pas

1085 3118 1135 3166 la
1168 3119 1357 3183 fstigue
1382 3119 1441 3169 de
1465 3136 1633 3184 penset
1647 3139 1662 3186 ;

1085 3199 1202 3233 voix
1224 3200 1415 3245 sonore,

1086 3253 1393 3315 expressions
1411 3267 1511 3300 non
1532 3254 1780 3317 negligees
1805 3261 1975 3316 certes,

1085 3330 1143 3365 en
1173 3325 1303 3367 sorte
1329 3332 1423 3381 que
1444 3334 1527 3367 son
1549 3320 1758 3383 langage

1084 3384 1203 3433 etsit
1223 3383 1354 3446 plein
1380 3383 1537 3433 d’ssme

1085 3458 1134 3497 et
1160 3449 1221 3498 de
1246 3461 1450 3498 terr-eur.

1084 3516 1164 3566 Tu
1185 3517 1350 3566 aurcis
1374 3516 1576 3568 chet-che
1595 3519 1841 3582 peut-etro
