2592 4084
1086 293 1350 338 BRUTUS.
2034 287 2150 341 349

286 418 646 459 commentatus
663 418 787 459 esset
802 424 986 469 seeum,
1084 410 1122 457 il
1140 412 1269 457 avait
1286 409 1502 472 imagine
1523 425 1584 458 en
1606 411 1878 474 lui-meme,

289 479 393 524 sine
416 477 596 539 scripto
1086 491 1200 522 sans
1219 477 1355 538 copie

288 543 467 589 eisdem
490 545 666 600 verbis,
1088 542 1210 588 dans
1232 542 1300 588 les
1319 545 1499 590 memes
1519 549 1710 603 termes,

289 610 467 670 quibus
491 608 815 671 cogitavisset.
1089 609 1154 655 οὺ,
1181 609 1219 658 il
1243 609 1413 656 l’avait
1439 623 1614 672 conon.

287 675 381 722 llle
399 677 626 723 utebatur
1088 673 1132 722 11
1155 677 1283 721 ussit

289 740 385 789 hoc
402 748 540 789 tanto
559 741 857 804 adjumento,
1090 739 1148 788 de
1165 753 1219 798 ce
1237 740 1461 804 si-grand
1480 741 1755 799 anin'liaire‚

291 808 363 854 sic
396 816 453 854 ut
475 808 771 857 meminisset
1089 807 1439 856 de-talle-sorte
1461 807 1581 870 qu'il
1599 823 1649 855 se
1670 810 1920 859 souvenait

290 888 397 926 sua,
425 879 474 920 et
492 881 835 934 commentata,
1093 871 1153 920 de
1177 877 1467 934 ses-pendes,
1493 881 1541 921 et
1568 889 1792 937 conones,

289 946 340 987 et
361 942 558 1002 scripta,
1090 947 1139 986 et
1159 941 1349 997 writes»,

290 1013 339 1053 et
363 1007 531 1053 omnia
554 1007 685 1055 dicta
1090 1012 1139 1052 et
1159 1005 1219 1052 de
1239 1013 1397 1054 tontes
1422 1007 1495 1054 les
1515 1007 1708 1069 parodes

295 1071 713 1131 adversariorum,
1090 1070 1158 1118 de.
1169 1087 1238 1119 ses
1257 1073 1574 1131 adversaires‚

290 1139 434 1185 nullo
452 1139 704 1187 referente.
1090 1152 1327 1198 personne
1352 1155 1407 1186 ne
1434 1143 1495 1187 les
1515 1143 1590 1187 lui
1608 1141 1879 1201 rappelant.

292 1203 509 1252 Ardebat
532 1214 692 1253 autem
1091 1201 1161 1251 Or
1179 1204 1216 1250 il
1242 1206 1427 1253 brfilait

289 1270 558 1332 cupiditate
580 1272 650 1319 sic
1090 1268 1238 1316 d'nne
1266 1270 1445 1318 ardenr
1467 1272 1583 1319 telle

291 1342 350 1383 ut
366 1337 571 1385 viderim
590 1340 644 1386 in
668 1338 807 1385 nullo
819 1352 1038 1401 unquam
1091 1350 1184 1398 qne
1199 1335 1250 1397 je
1272 1337 1373 1385 n’ai
1394 1352 1461 1384 vn
1484 1338 1600 1385 chez
1623 1351 1860 1399 personne
1877 1337 2055 1400 jamais

293 1403 508 1451 studium
528 1404 837 1468 flagrantius.
1088 1417 1159 1449 un
1181 1403 1285 1449 zele
1317 1404 1427 1465 plus
1445 1406 1719 1466 passionne.

293 1467 574 1518 Patiebatur
609 1471 741 1519 enim
1089 1467 1187 1515 Car
1206 1468 1244 1515 il
1269 1469 1494 1517 souffrait

293 1536 487 1583 nullum
514 1537 643 1584 diem
671 1552 789 1594 esse,
1091 1547 1252 1582 aucun
1273 1535 1391 1598 jour
1402 1538 1520 1592 etre,

291 1603 413 1663 quin
439 1610 525 1650 aut
549 1602 726 1651 diceret
748 1604 802 1650 in
834 1602 959 1658 foro,
1091 1615 1325 1663 sans-que
1349 1616 1413 1651 on
1442 1602 1479 1649 il
1503 1603 1662 1665 parlsst
1686 1615 1749 1648 an
1769 1601 1950 1654 forum,

295 1676 381 1715 aut
404 1669 722 1717 meditaretur
1092 1680 1157 1715 on
1174 1667 1216 1714 il
1237 1669 1473 1730 s’exercat

296 1742 436 1782 extra
459 1737 649 1795 forum3
1091 1733 1360 1781 en-dehors
1388 1735 1455 1782 du
1483 1735 1676 1791 forum3

296 1799 506 1848 faciebat
527 1811 791 1862 utrumque
1090 1798 1129 1846 il
1153 1799 1320 1847 faisait
1340 1800 1730 1849 l’un-et-l'autre

291 1868 560 1928 saepissime
586 1867 754 1914 eodem
774 1866 869 1914 die.
1090 1866 1426 1930 tres-souvent
1450 1868 1497 1914 le
1518 1871 1673 1915 meme
1690 1867 1821 1928 jour.
2066 1864 2156 1928 [ler

297 1933 642 1995 Attuleratque
663 1947 817 1995 genus
841 1931 1038 1982 dicendi
1091 1931 1155 1979 Et
1178 1929 1219 1979 il
1251 1933 1384 1981 avait
1405 1934 1647 1982 introduit
1667 1947 1764 1981 une
1791 1931 1935 1994 sacen
1962 1930 2020 1979 de
2040 1945 2158 1993 par-

297 1997 502 2046 minime
522 1999 725 2062 vulgare
748 2016 761 2046 ε
1091 1998 1411 2060 Ρω-ᾱυι-ιοιιῢ
1439 2000 1685 2062 vulgaire=

298 2063 421 2112 dnas
449 2079 526 2112 res
548 2065 760 2128 quidem,
1093 2064 1220 2112 deux
1242 2065 1411 2114 choses
1434 2066 1500 2115 du
1519 2068 1680 2115 moins

297 2145 420 2192 quas
447 2146 590 2179 nemo
618 2132 773 2191 alius,
1094 2146 1188 2192 que
1213 2147 1450 2194 personne
1479 2142 1617 2181 autre
1639 2131 1844 2196 (n’avait
1864 2129 2045 2192 saites),

297 2198 582 2259 partitiones
1073 2197 1164 2244 „les
1188 2197 1440 2257 divisions‚

299 2264 475 2324 quibus
499 2264 558 2311 de
580 2265 726 2312 rebus
1093 2265 1504 2325 pour-les-choses
1536 2282 1619 2312 sur
1638 2264 1891 2326 lesquelles

298 2329 518 2378 dicturus
545 2338 686 2388 esset,
1093 2330 1132 2375 il
1152 2331 1271 2378 etait
1293 2330 1471 2378 devant
1494 2333 1653 2393 parler
1669 2365 1682 2388 ‚

299 2403 347 2444 et
375 2397 703 2453 collectiones,
1094 2401 1144 2443 et
1165 2396 1238 2443 les
1259 2397 1504 2454 meumes,

296 2476 483 2511 memor
1094 2476 1147 2510 se
1168 2463 1426 2526 rappelant

297 2536 346 2576 et
366 2544 475 2591 quae
502 2536 664 2578 essent
693 2529 826 2578 dicta
848 2534 1035 2592 contra,
1094 2535 1141 2575 et
1161 2543 1216 2576 ce
1235 2529 1322 2592 qni
1345 2529 1477 2577 avait
1497 2530 1571 2575 ete
1594 2528 1666 2575 dit
1688 2527 1894 2584 en-face‚

296 2609 500 2658 qnaeque
525 2596 732 2646 dixisset
753 2597 871 2659 ipse.
1094 2603 1142 2643 et
1162 2610 1222 2643 ce
1240 2595 1363 2658 qn'il
1385 2596 1517 2643 avait
1541 2594 1613 2643 dit
1639 2595 1915 2642 lui-meme.

298 2662 420 2711 Erat
438 2665 633 2726 elegans
1092 2659 1138 2709 11
1158 2662 1277 2710 etait
1303 2663 1499 2724 elegant

298 2729 352 2774 in
375 2729 630 2789 splendore
648 2730 924 2786 verborum,
1095 2727 1218 2776 dans
1241 2729 1407 2777 l’eclat
1425 2727 1507 2775 des
1535 2734 1732 2787 termes,

295 2799 443 2856 aptus
464 2796 829 2857 compositione,
1092 2795 1307 2858 regalia
1328 2795 1451 2843 dans
1478 2794 1873 2857 l’arrangement,

298 2860 525 2922 copiosus
546 2861 804 2925 facultate3
1092 2860 1265 2910 second
1290 2861 1414 2910 dans
1437 2861 1757 2919 l'invention3

298 2934 497 2989 eratque
519 2935 806 2976 consecutus
828 2943 885 2977 ea
1092 2934 1142 2975 et
1169 2928 1209 2977 il
1231 2928 1364 2976 avait
1382 2928 1550 2991 acqnis
1570 2928 1856 2988 ces-qualit&

298 3007 451 3056 quum
472 3009 664 3042 summo
686 2995 902 3057 ingenio,
1091 2999 1200 3042 tant
1225 3010 1314 3058 par
1340 3010 1407 3043 un
1431 2994 1719 3056 tres-grand
1741 2994 1901 3059 genie,

297 3068 404 3108 tum
433 3060 863 3109 exercitationibus
1094 3074 1187 3123 qne
1209 3076 1296 3123 par
1322 3060 1406 3108 des
1429 3060 1667 3108 exercices

297 3127 547 3174 maximis.
1094 3126 1484 3189 tres-frequente.

300 3190 718 3254 complectebatur
747 3207 852 3243 rem
1093 3191 1138 3242 11
1160 3194 1445 3241 embmsnit
1464 3207 1545 3240 uon
1567 3192 1697 3255 snjet

301 3260 596 3318 memoriter,
1093 3259 1432 3316 de·memoire·,

302 3322 550 3373 dividebat
566 3333 725 3384 acute,
1094 3325 1136 3373 il
1161 3328 1201 3373 lo
1231 3323 1430 3373 divisait
1450 3322 1700 3386 finement,

301 3402 391 3435 nec
410 3393 804 3450 praetermittebat
1090 3401 1139 3440 et
1160 3391 1434 3439 n'omettait

300 3455 566 3517 quidquam
589 3459 688 3508 fere
1092 3457 1196 3505 rien
1221 3471 1424 3520 presque
