2592 4084
304 520 551 567 memoria
579 536 594 582 3
646 530 653 538 ·

300 587 581 633 excellebat
623 592 782 631 autem
842 585 1050 639 notione,

303 652 630 714 quadamque
652 665 713 698 ex
733 651 812 698 his

303 728 455 766 erunt
488 720 528 765 ei
555 719 691 780 paria
715 733 825 764 cum
855 716 1046 774 Crasso,

306 784 535 845 quaedam
584 783 730 830 (etiam
769 785 1017 846 superiora
1032 804 1047 848 3

301 859 360 898 at
392 851 553 899 oratio
577 849 736 898 Crassi

299 917 525 964 enitebat
560 917 734 978 magis.

297 982 350 1030 N
352 997 409 1030 ec
436 998 552 1031 vero
575 997 831 1044 possumus
851 981 1008 1028 dicere

300 1048 463 1096 ullam
498 1063 602 1095 rem

299 1128 367 1163 ex
404 1115 506 1162 illis
549 1115 762 1178 quinque
793 1114 1017 1177 pertibus

299 1179 521 1228 defuisse
555 1183 699 1243 plane

298 1253 450 1308 atque
468 1248 666 1295 omniuo

296 1311 536 1375 Sulpicio,
561 1313 896 1375 uequeCottoe‚

299 1392 457 1440 neque
472 1380 697 1441 cuiquam
707 1381 836 1427 bono
846 1379 1045 1434 oratori,

297 1442 475 1507 Itaque
493 1446 587 1492 hoc
612 1452 771 1506 potest

291 1508 510 1570 judicari
536 1512 791 1559 verissime

299 1577 605 1636 mentione,

298 1653 539 1690 oratorem
564 1642 895 1692 commendari

304 1709 448 1756 nulla
471 1725 525 1758 re
544 1725 646 1757 una

297 1778 461 1837 magle
482 1791 630 1837 quam
654 1773 908 1837 splendore

296 1852 346 1887 et
389 1844 531 1904 copia
574 1843 858 1897 verborum,

295 1921 415 1953 nam
443 1922 596 1969 quum
623 1907 719 1953 fuit.
742 1907 911 1954 tardus

293 1973 350 2019 in
376 1973 656 2034 cogitando,

296 2048 405 2086 tum
430 2038 527 2085 fuit
549 2037 808 2100 dissipatus

298 2105 359 2152 in
374 2104 682 2152 instruendo.

364 2168 472 2218 LX.
503 2170 614 2218 Duo
636 2176 751 2218 sunt
779 2170 983 2232 reliqua,

294 2250 442 2299 egere
468 2243 516 2283 et
537 2237 819 2284 meminisse
834 2253 848 2282 ς

292 2305 628 2351 commovebat

296 2367 560 2416 cachinnos
594 2367 905 2416 irridentium

295 2434 349 2482 in
372 2443 595 2497 utroque.

297 2500 458 2549 Motus
478 2509 582 2548 erat
609 2502 669 2559 is,

298 2581 436 2629 quem
470 2577 517 2614 et
544 2567 598 2615 C.
625 2567 792 2616 Julius
812 2566 1003 2615 notavit

296 2633 348 2680 in
384 2643 685 2695 perpetuum,

302 2714 450 2760 quum
479 2700 703 2759 quaesivit
733 2715 793 2746 ex
818 2715 895 2755 eo,

298 2765 552 2813 vacillante
580 2773 681 2814 toto
704 2781 903 2829 corpore

296 2830 347 2879 in
369 2839 624 2894 utramque
658 2842 862 2893 partem,

299 2913 326 2940 ο
346 2899 453 2960 quis
471 2898 748 2961 loqueretur
766 2914 793 2946 e
808 2898 983 2957 lintr03
1002 2918 1025 2942 ι

294 2969 343 3010 et
362 2963 452 3012 Cn.
480 2963 711 3021 Sicinius,

297 3026 439 3078 homo
460 3031 686 3093 impurus

297 3095 376 3142 sed
411 3097 673 3144 admodum
706 3095 957 3156 ridiculus,

297 3175 446 3223 neque
475 3163 740 3226 quidquam
762 3161 898 3210 eliud

296 3228 450 3275 simile
471 3229 678 3278 oratoris

297 3293 344 3342 in
372 3308 446 3341 eo.

294 3357 453 3418 Quum
475 3361 517 3408 is
544 3359 771 3410 tribunus
788 3360 942 3422 plebis

297 3423 606 3487 produxisset
629 3427 851 3474 consules

294 3487 554 3539 Curionem
578 3498 626 3539 et
651 3491 922 3550 Octavium,

296 3556 537 3619 Curioque
555 3557 755 3608 dixisset
782 3559 957 3617 multa,

1111 405 1369 450 BRUTUS.
2043 393 2163 448 235

1108 516 1231 564 dans
1250 534 1303 564 sa
1323 520 1583 579 memnii-03

1106 598 1162 631 or
1183 585 1221 630 il
1244 585 1466 631 excelluit
1495 585 1615 631 daus
1638 586 1854 640 l’acfion,

1107 661 1154 696 et
1181 652 1421 699 certaines
1442 651 1499 697 de
1526 666 1603 697 ces
1628 654 1817 709 quamtis

1104 717 1284 763 etaient
1311 717 1341 764 ἐι
1360 717 1430 763 lui
1456 718 1616 777 egales
1653 733 1766 764 avec
1785 719 2004 775 Crassus,

1106 783 1343 842 certaines
1365 784 1830 844 memesuperieures

1103 851 1228 896 meis
1250 849 1532 897 l’elocution
1558 849 1616 895 de
1639 850 1841 898 Crassus

1104 915 1291 962 brillait
1319 916 1606 975 davantage.

1103 981 1229 1027 Mais
1257 997 1379 1029 nous
1402 997 1462 1028 ne
1485 995 1702 1044 pouvons
1726 994 1811 1041 pas
1835 978 1934 1026 dire

1103 1047 1312 1109 quelque
1330 1047 1477 1094 chose

1103 1112 1162 1160 de
1184 1129 1261 1161 ces
1280 1115 1395 1176 cinq
1417 1113 1596 1177 parties

1101 1181 1237 1226 avoir
1258 1182 1473 1243 manque
1500 1178 1815 1226 entieremeut

1101 1252 1150 1293 et
1181 1247 1489 1293 absolument

1101 1313 1131 1357 ὁ,
1155 1311 1420 1374 Sulpicius,
1447 1314 1498 1359 ni
1516 1313 1546 1359 ὲ
1564 1311 1724 1366 Cotta,

1100 1377 1151 1423 ni
1175 1380 1206 1424 ὲ
1225 1393 1387 1425 aucun
1412 1379 1510 1425 bon
1536 1384 1750 1424 orateur.

1097 1442 1494 1506 C’est-pourquoi
1518 1445 1617 1490 ceci
1641 1449 1755 1504 peut

1097 1510 1197 1557 &tre
1218 1510 1340 1571 juge
1363 1510 1765 1558 tres-clairement

1097 1576 1464 1638 per-l'exemple
1482 1576 1540 1623 de
1562 1574 1765 1629 Carion,

1095 1641 1329 1689 l'oreteur
1345 1646 1446 1691 etre
1468 1642 1825 1702 recommende,

1096 1722 1186 1768 par
1203 1722 1364 1755 aucun
1387 1709 1557 1755 merite
1578 1709 1904 1771 pris-'a-pert-

1095 1774 1205 1834 plus
1230 1789 1324 1836 que
1338 1790 1424 1836 par
1449 1775 1614 1821 l'eclat

1093 1846 1142 1886 et
1160 1854 1248 1902 par
1270 1840 1586 1889 l’sboudunce
1610 1839 1693 1887 des
1713 1843 2041 1902 expressions3

1094 1919 1177 1953 cer
1202 1907 1597 1954 non-seulement
1624 1906 1660 1953 il
1689 1906 1769 1953 fut
1780 1908 1883 1955 lent

1092 1971 1122 2018 ὲ
1148 1972 1410 2036 imaginer,

1091 2040 1366 2086 mais-aussi
1388 2040 1426 2087 il
1448 2039 1525 2086 fut
1548 2039 1832 2087 incohet-ent

1088 2104 1118 2148 ὸ,
1144 2104 1358 2164 disposer
1377 2110 1439 2153 les
1460 2108 1591 2153 idios.

1155 2170 1262 2218 LX.
1288 2171 1432 2219 Deux
1453 2173 1630 2233 parties
1648 2180 1761 2218 sont
1783 2171 1841 2218 de
1866 2179 2007 2227 reste,

1088 2235 1287 2284 l’ection
1312 2243 1360 2285 et
1386 2239 1436 2285 la
1460 2239 1688 2285 memoire
1708 2254 1720 2282 z

1091 2300 1131 2348 il
1153 2303 1354 2351 excitait

1090 2365 1162 2414 les
1177 2369 1534 2416 soluts-de-rire
1554 2368 1640 2416 des
1659 2370 1898 2431 pleisants

1089 2433 1210 2482 deus
1237 2436 1373 2483 l’uue
1397 2443 1444 2482 et
1474 2436 1594 2482 dans
1615 2437 1809 2484 l’autre.

1089 2499 1181 2546 Son
1194 2509 1328 2563 geste
1341 2503 1459 2548 etait
1481 2500 1627 2562 celui,

1089 2580 1181 2627 que
1203 2578 1250 2614 et
1284 2566 1339 2617 C.
1375 2566 1541 2616 Julius
1562 2582 1591 2613 a
1618 2567 1903 2614 caracter-ise

1086 2647 1208 2693 pour
1241 2631 1482 2696 toujours,

1085 2697 1280 2761 lorsque
1303 2701 1340 2747 il
1365 2699 1604 2747 demanda
1626 2701 1657 2746 ὲ
1674 2699 1764 2756 lui,

1086 2779 1137 2810 se
1161 2765 1426 2828 balancant
1460 2765 1518 2812 de
1537 2774 1647 2814 tout
1668 2782 1751 2813 son
1773 2779 1914 2828 corps

1086 2830 1143 2878 de
1165 2831 1546 2881 l’un-et-l'autre
1568 2833 1692 2889 cote,

1086 2915 1112 2942 α
1141 2899 1224 2959 qui
1243 2898 1419 2961 perluit
1442 2897 1588 2946 d’une
1613 2901 1820 2960 berque3
1858 2917 1884 2941 ι

1084 2969 1132 3011 et
1149 2963 1241 3022 Cn,
1270 2965 1502 3021 Sicinius,

1081 3028 1275 3077 homme
1299 3030 1883 3087 de·mauvaises-moeurs·,

1083 3095 1208 3143 meis
1242 3097 1341 3144 fort
1358 3097 1586 3159 pleisent,

1083 3168 1131 3209 et
1149 3164 1255 3210 rien
1277 3171 1420 3210 autre
1529 3161 1534 3166 ’

1081 3229 1479 3290 ςυίοτεεεεωδὶῆι
1505 3228 1538 3275 ὲ
1553 3242 1622 3274 un
1645 3233 1841 3276 orateur

1082 3308 1139 3339 eu
1160 3294 1252 3343 lui.

1084 3358 1284 3407 Comme
1311 3358 1509 3406 celui-ci
1534 3359 1701 3407 tribun
1726 3359 1793 3405 du
1815 3357 1987 3421 peuple

1082 3424 1214 3471 avait
1230 3425 1430 3487 produit
1458 3426 1528 3472 les
1558 3425 1753 3472 consuls

1081 3490 1264 3538 Curion
1290 3500 1340 3537 et
1362 3490 1612 3549 Octavius,

1083 3565 1131 3605 et
1154 3572 1243 3617 que
1259 3556 1443 3606 Cur-iou
1462 3558 1593 3604 avait
1613 3556 1757 3618 pule
1771 3554 2068 3616 longtemlm
