2592 4084
504 401 582 456 60
1295 412 1559 458 ΒΒΰτσε.

503 528 670 581 Πειθὼ
715 543 884 598 quam
921 532 1120 583 vocant
1158 526 1353 597 Graeci,
1382 527 1544 599 cujus
1583 528 1806 583 effector
1847 531 1936 582 est
1970 531 2180 597 orator,
2209 525 2363 580 hanc

505 622 748 680 Suadam
776 621 1075 695 appellavit
1093 622 1334 695 Ennius3
1362 622 1483 694 ejus
1506 628 1694 677 autem
1717 621 2029 694 Cethegum
2048 619 2361 675 medullam

503 719 676 774 fuisse
705 719 845 789 vult,
870 725 955 789 ut,
975 735 1145 790 quam
1164 719 1332 775 deam
1356 719 1413 775 in
1435 717 1638 776 Pericli
1672 718 1847 775 labris
1879 718 2103 790 scripsit
2128 719 2362 789 Eupolis

502 815 869 887 sessitavisse‚
899 814 1064 889 hujus
1101 815 1194 871 hic
1237 815 1539 872 medullam
1575 821 1826 872 nostrum
1864 819 2142 871 oratorem
2179 816 2359 870 fuisse

503 912 727 967 dixerit.
756 916 824 967 At
856 912 948 967 hio
975 913 1258 983 Cethegus
1289 912 1483 970 consul
1516 928 1644 968 cum
1679 915 1742 968 P.
1774 911 2043 967 Tuditano
2073 912 2179 966 fuit
2206 911 2361 967 bello

501 1010 709 1063 Punico
738 1008 1014 1081 secund03
1046 1002 1395 1082 quaestor'que
1437 1009 1525 1064 his
1555 1008 1876 1066 consulibus
1897 1011 1974 1063 M.
2000 1010 2161 1077 Cato,
2186 1008 2355 1064 modo

501 1104 664 1176 plane
701 1103 860 1159 annis
895 1119 997 1159 011.
1031 1109 1157 1160 ante
1190 1121 1280 1161 me
1319 1104 1636 1176 consulem3
1666 1110 1723 1160 et
1755 1105 1813 1160 id
1846 1103 2030 1175 ipsum
2058 1103 2168 1160 uisi
2194 1104 2361 1173 unius

501 1203 650 1253 esset
687 1198 849 1253 Ennii
885 1198 1201 1253 testimonio
1250 1199 1567 1270 cognitum,
1606 1199 1755 1255 huno
1801 1203 2068 1269 vetustas,
2110 1203 2174 1252 ut
2218 1198 2361 1252 alios

498 1295 734 1350 fortasse
764 1294 989 1364 multoe,
1017 1295 1291 1352 oblivione
1322 1276 1615 1352 obruisset.
1651 1293 1809 1349 Illius
1835 1299 2025 1349 autem
2051 1292 2230 1349 aetatis
2259 1294 2359 1365 qui

500 1408 685 1448 sermo
714 1392 901 1465 fuerit,
929 1409 996 1448 ex
1028 1393 1306 1451 Naevianis
1328 1393 1548 1465 scriptis
1577 1390 1816 1463 intelligi
1845 1395 2050 1463 petest.
2074 1390 2178 1446 His
2206 1391 2358 1445 enim

499 1487 835 1557 consulibuS‚
860 1493 924 1542 ut
949 1488 1004 1543 in
1036 1488 1318 1544 veteribus
1352 1486 1760 1545 commentariis
1797 1486 2067 1557 scriptum
2095 1490 2201 1556 est,
2227 1489 2358 1541 Nae-

497 1587 623 1643 vius
648 1590 748 1663 ‘est
783 1589 1065 1657 mortuus;
1093 1601 1410 1659 quanquam
1452 1587 1623 1641 Varro
1661 1588 1868 1654 noster,
1894 1582 2360 1655 diligentissimus

497 1681 862 1753 investigator
895 1681 1269 1756 antiquitatis„
1299 1685 1461 1754 putat
1497 1679 1556 1734 in
1595 1679 1700 1734 hoc
1742 1685 1989 1735 erratum
2006 1722 2021 1745 ‚
2069 1678 2356 1751 vitamque

495 1777 674 1834 Naevii
700 1778 954 1848 producit
970 1777 1213 1850 longius„
1237 1780 1382 1834 Nam
1403 1777 1649 1842 Plautus,
1674 1777 1735 1830 Ρ.
1764 1775 2014 1845 Claudio,
2043 1779 2102 1832 L.
2130 1778 2350 1844 Porcio,

494 1869 692 1943 viginti
719 1871 877 1927 annis
905 1876 1028 1942 post
1051 1872 1360 1944 i1108‚‚quos
1383 1875 1510 1927 ante
1533 1869 1667 1940 dixi,
1686 1869 1942 1925 consules
1965 1876 2219 1926 mortuus
2243 1878 2354 1943 est,

497 1967 701 2024 Catone
731 1983 979 2025 censore.

558 2147 750 2195 Ennius
773 2161 803 2193 a
824 2145 1019 2193 nomme
1044 2144 1199 2192 Suada
1221 2159 1272 2191 ee
1308 2159 1401 2206 que
1422 2144 1494 2192 les
1517 2144 1667 2193 Grecs
1701 2142 1944 2206 appellent
1969 2116 2130 2202 Ξπειθώ,
2160 2142 2355 2192 dest-i-

496 2239 598 2286 dire
626 2239 677 2286 la
704 2237 1017 2296 Persuasion‚
1037 2236 1138 2286 fine
1164 2237 1231 2285 de
1261 2221 1596 2300 l’Filoquence.
1628 2237 1762 2285 Cette
1787 2234 1951 2282 deesse
1984 2236 2209 2297 reposuit,
2248 2237 2356 2284 sui-

492 2339 611 2379 vam
633 2330 856 2394 Eupolis,
884 2346 969 2378 sur
988 2331 1058 2378 les
1084 2331 1238 2378 levi-es
1264 2328 1325 2377 de
1355 2330 1595 2378 Pericles:
1621 2329 1813 2377 Ennius
1851 2328 1926 2376 die
1945 2343 2042 2390 que
2062 2337 2203 2376 notre
2233 2343 2355 2377 ewa—

450 2411 456 2421 ’
491 2431 601 2470 teur
622 2438 681 2471 en
704 2425 822 2470 etait
834 2423 996 2471 l'ssme.
1015 2422 1099 2472 Au
1115 2430 1265 2482 reste,
1285 2422 1529 2485 Cethegus
1561 2421 1638 2469 fut
1671 2421 1846 2470 consul
1868 2435 1983 2469 avec
1996 2420 2054 2469 P.
2067 2421 2353 2470 Tuditanus

490 2518 704 2581 pendant
726 2520 776 2566 la
794 2519 998 2568 seconde
1019 2532 1196 2582 guerre
1224 2519 1466 2579 Puniqne,
1500 2523 1549 2564 et
1575 2516 1643 2564 M.
1684 2516 1839 2565 Caton
1874 2516 1951 2565 fut
1983 2525 2211 2578 qnesteur
2233 2532 2354 2579 pen-

490 2611 611 2660 dant
632 2613 739 2661 leur
764 2614 1006 2670 consulat,
1026 2604 1329 2661 exactement
1351 2618 1461 2658 cent
1483 2618 1719 2675 quarente
1747 2626 1837 2659 ans
1862 2617 2011 2658 avant
2036 2609 2083 2657 13
2104 2611 2237 2656 mien
2259 2632 2275 2673 ;
2303 2618 2353 2659 et

489 2721 605 2754 sans
638 2709 684 2755 le
708 2710 1018 2772 temoignage
1039 2708 1227 2770 unique
1241 2706 1501 2761 d'Enniun.
1526 2707 1573 2753 13
1598 2705 1754 2752 talent
1788 2706 2000 2754 oratoim
2026 2705 2084 2751 de
2102 2704 2352 2767 Cethegus

489 2801 650 2856 serait,
680 2815 867 2848 comme
889 2799 931 2848 il
954 2806 1026 2848 est
1046 2800 1204 2847 arrive
1232 2801 1479 2861 peut-etro
1501 2798 1559 2845 de
1594 2798 1817 2862 baucoup
1865 2799 2095 2853 &ami-ee,
2134 2798 2351 2846 enseveli

488 2891 608 2937 dans
630 2905 699 2938 nn
721 2891 906 2939 eternel
930 2890 1085 2941 oubli.
1117 2890 1210 2938 Les
1229 2889 1375 2937 eci-its
1402 2889 1461 2936 de
1479 2888 1663 2937 Nevius
1681 2897 1890 2951 penvent
1913 2889 2100 2937 donner
2119 2904 2214 2935 une
2239 2888 2349 2937 idee

487 2981 552 3028 dn
579 2984 792 3046 langage
817 2982 876 3030 de
898 2997 955 3030 ce
980 2982 1255 3048 tempe-133
1282 2996 1369 3030 ear
1405 2997 1529 3029 nous
1562 2983 1715 3030 lisons
1747 2981 1874 3029 dm
1910 2981 1982 3030 lec
2010 2983 2208 3028 enciens
2238 2981 2349 3028 Μό-

484 3077 664 3123 moires
690 3091 783 3137 que
801 3074 985 3124 Nevius
1003 3084 1077 3122 est
1094 3084 1223 3123 mort
1240 3075 1431 3122 sousles
1456 3075 1653 3123 consuls
1676 3090 1768 3138 que
1786 3074 1837 3137 je
1868 3075 2004 3121 viens
2023 3073 2080 3120 de
2097 3087 2341 3120 nommer.

484 3168 529 3218 11
559 3174 631 3217 est
650 3170 755 3217 παὶ
783 3183 879 3231 que
902 3174 1042 3216 notre
1079 3169 1178 3216 ami
1211 3168 1426 3224 Varum,
1446 3170 1647 3217 siexaot
1674 3169 1794 3216 dans
1832 3183 1907 3215 ses
1939 3166 2222 3216 recherches
2258 3182 2347 3214 eur

482 3262 775 3323 l’antiquite‚
797 3275 941 3325 pense
963 3260 1082 3323 qu’il
1105 3276 1141 3323 y
1163 3275 1194 3308 a
1210 3274 1376 3309 erreur
1412 3260 1471 3308 de
1495 3260 1623 3318 date,
1651 3268 1700 3309 et
1731 3260 1822 3307 fait
1854 3261 1988 3307 vivre
2018 3258 2204 3306 Neviae
2228 3259 2344 3319 plus

482 3355 776 3420 longtemps.
802 3355 968 3417 Quant
991 3357 1020 3402 a
1048 3356 1237 3411 Plauto,
1281 3355 1321 3403 il
1356 3364 1427 3403 est
1448 3363 1578 3405 mort
1597 3356 1741 3419 vingt
1772 3370 1861 3402 ans
1877 3355 1989 3417 plus
2013 3353 2123 3401 tard
2150 3367 2265 3398 sous
2295 3353 2343 3399 le

481 3449 705 3498 consulut
729 3449 787 3497 de
822 3449 1031 3498 Publius
1058 3428 1296 3498 Claudius
1330 3455 1377 3495 et
1399 3447 1462 3495 de
1481 3448 1538 3496 L.
1562 3447 1785 3504 Porcius,
1817 3447 2010 3508 lorsque
2035 3444 2189 3493 camon
2219 3446 2342 3491 etait

482 3559 705 3594 oensem·-
