2592 4084
288 498 436 532 suum
470 496 690 543 cursum,

289 551 517 598 inventus
539 556 612 597 est

289 615 651 664 dissimillimus

291 689 340 729 et
362 681 420 729 L.
442 681 632 739 Crassi,

289 756 339 794 et
359 746 627 793 multorum
649 746 955 796 Crassorum.

349 812 609 862 LXXXII.
621 811 718 863 Sed
730 818 1027 862 revertamur

289 879 356 926 ad
380 879 585 928 Calvum

290 946 352 1006 (is
384 945 516 992 enim

289 1020 394 1059 erat
415 1012 689 1074 propositus
728 1007 887 1072 nobis)
909 1027 925 1058 ι

290 1081 376 1138 qui
402 1077 571 1125 fuisset
594 1081 756 1125 orator

292 1157 443 1204 quum
468 1142 702 1191 eruditior
727 1142 904 1190 litteris

290 1224 438 1271 quam
465 1209 639 1267 Curio,

287 1280 398 1323 tum
421 1276 568 1322 etiam
601 1272 833 1322 afferebat

289 1341 534 1402 quoddam
582 1355 737 1404 genus
770 1338 962 1388 dicendi

288 1408 562 1455 aecuratius
590 1413 639 1454 et
662 1405 953 1467 exquisitius
975 1420 991 1453 ε

288 1487 566 1535 quanquam
588 1473 829 1520 tractabat
852 1472 982 1535 quod

288 1540 491 1587 scienter
511 1539 870 1601 eleganterque,

286 1612 449 1654 tamen
470 1605 679 1653 nimium
706 1603 961 1666 inquirens

286 1687 339 1720 m
369 1687 433 1731 se,

286 1746 429 1800 atque
452 1739 555 1800 ipse
578 1737 839 1785 observans
854 1749 960 1785 sese

284 1814 605 1866 metuensque

285 1885 349 1917 ne
374 1871 628 1932 colligeret

286 1937 580 1999 sanguinem
607 1935 856 1982 vitiosum

287 2000 577 2063 deperdebat
600 2002 745 2048 etiam
774 2016 961 2050 verum.

286 2066 458 2128 Itaque
483 2067 638 2115 oratio
654 2067 760 2129 ejus

287 2138 543 2181 attenuata

285 2199 527 2262 religione
562 2198 732 2259 nimia,

285 2273 388 2313 erat
415 2265 625 2312 illustris
656 2264 807 2313 doctis

284 2337 334 2379 et
358 2331 672 2379 audientibus
697 2336 880 2382 attente
904 2349 919 2392 ς

285 2393 609 2445 devorabatur
632 2404 796 2446 autem

282 2477 315 2511 a
333 2463 665 2523 multitudine,

283 2535 330 2578 et
345 2546 375 2578 a
399 2531 524 2589 foro,

285 2596 364 2644 cui
382 2595 661 2659 eloquentia
690 2601 810 2645 nata
827 2601 916 2646 est.

282 2687 347 2700 —
370 2661 498 2711 Tum
530 2663 730 2723 Brutus,

282 2726 460 2777 Noster
473 2728 672 2790 Calvus,
697 2729 879 2793 inquit,

281 2794 474 2843 volebat
495 2810 544 2843 se
572 2794 671 2844 diei

283 2866 522 2909 oratorem
542 2862 773 2909 atticumt

279 2926 393 2975 inde
423 2933 529 2975 erat
550 2927 743 2975 exilitas
764 2926 854 2976 issa

283 3006 430 3055 quam
461 2994 548 3041 ille
572 2992 952 3055 consequebatur

286 3057 344 3108 de
363 3058 625 3108 industria.

282 3126 551 3175 -Dieebat
568 3127 657 3186 ita,
677 3126 917 3193 inquam3

283 3191 367 3238 sed
392 3199 439 3240 et
457 3193 651 3241 errabat
686 3193 806 3256 ipse,

282 3264 330 3304 et
350 3258 552 3321 cogebat

284 3322 405 3370 alios
422 3324 566 3372 etiam
588 3339 766 3375 errare.

277 3387 415 3436 Nam·
435 3389 476 3436 si
502 3391 608 3451 quis
634 3397 774 3453 putat

284 3468 362 3502 eos
384 3455 470 3516 qui
491 3455 659 3506 dieunt

281 3534 371 3569 nee
397 3523 573 3584 inepte,

1085 365 1352 411 BRUTUS.

1085 480 1195 529 leur
1224 481 1454 540 carriere,

1084 546 1123 594 il
1157 546 1234 594 fut
1254 549 1424 595 trouve

1079 612 1557 662 tres-dissemblable

1082 686 1130 727 et
1160 679 1219 727 de
1241 678 1297 727 L.
1326 679 1548 738 Crassus,

1080 750 1130 793 et
1165 744 1315 793 d’une
1333 746 1462 793 foule
1487 744 1545 793 de
1566 744 1793 796 Crassus.

1148 809 1399 860 LXXXII.
1426 812 1556 860 Mais
1579 827 1813 862 revenons

1080 878 1111 924 ὲ.
1131 876 1315 925 Calvus

1079 944 1185 1004 (car
1206 944 1404 991 sebui-oi

1081 1010 1213 1057 avait
1231 1010 1306 1057 ete
1328 1011 1530 1073 propose
1564 1011 1595 1058 a
1614 1011 1755 1074 nous)
1773 1028 1787 1060 ι

1079 1075 1280 1124 oelui-oi
1304 1078 1466 1125 aur-ait
1481 1079 1555 1124 ete
1584 1092 1654 1125 un
1677 1084 1874 1127 orateur

1079 1142 1466 1191 nen-seulement
1494 1144 1610 1207 plus
1629 1143 1832 1193 instruit
1858 1158 1921 1194 eu
1968 1144 2134 1195 lettres

1081 1222 1173 1269 que
1197 1207 1400 1267 Curion,

1079 1274 1205 1322 mais
1226 1288 1399 1322 encore
1430 1275 1469 1322 il
1490 1277 1734 1339 apportait

1080 1340 1264 1387 certain
1291 1354 1441 1403 genre
1464 1340 1524 1387 de
1557 1343 1683 1404 style

1077 1405 1189 1468 plus
1216 1407 1387 1468 soigne
1421 1413 1468 1453 et
1492 1408 1607 1468 plus
1626 1409 1823 1472 elegant
1847 1426 1861 1457 t

1077 1471 1320 1534 quoiqu'il
1342 1474 1529 1521 maniat
1558 1474 1758 1524 celui-ei

1079 1545 1385 1586 savamment
1407 1545 1455 1586 et
1474 1540 1818 1603 elegamment‚

1077 1603 1348 1681 oependsnt
1368 1611 1478 1668 trop
1489 1608 1691 1654 attentis

1077 1683 1163 1717 sur
1182 1684 1273 1727 soi,

1078 1742 1127 1784 et
1147 1736 1410 1784 lui-meme
1431 1736 1688 1789 observant
1706 1742 1783 1790 soi

1078 1809 1127 1850 et
1152 1803 1413 1866 eraiguant

1078 1869 1202 1930 qu’il
1235 1871 1500 1917 n‘amassat

1077 1949 1148 1982 un
1175 1949 1299 1998 sang
1318 1934 1527 1991 vioieux,

1076 1997 1116 2046 il
1140 2000 1329 2062 perdait
1348 2003 1506 2049 meme
1528 2002 1575 2050 le
1594 2005 1720 2053 vrai.

1078 2065 1209 2115 C’est
1230 2068 1469 2129 pourquoi
1491 2068 1538 2116 le
1557 2072 1683 2132 style
1703 2070 1762 2119 de
1791 2071 1864 2121 lui

1076 2133 1287 2195 amaigri

1075 2213 1165 2260 par
1184 2214 1252 2246 un
1279 2200 1503 2262 serupule
1524 2203 1745 2261 exoessst’,

1076 2264 1196 2312 etait
1218 2265 1342 2313 elair
1366 2281 1487 2328 pour
1506 2266 1578 2314 les
1598 2277 1791 2318 savants

1077 2337 1127 2378 et
1148 2331 1219 2379 les
1242 2331 1492 2379 auditeurs
1519 2334 1736 2382 attentifs
1757 2352 1772 2396 3

1077 2397 1203 2444 mais
1228 2396 1268 2445 il
1289 2397 1408 2445 etait
1431 2398 1633 2447 absorbe

1075 2476 1167 2525 par
1183 2463 1239 2512 la
1260 2461 1539 2520 multitude,

1077 2535 1126 2576 et
1149 2544 1236 2590 par
1257 2529 1305 2576 le
1330 2528 1507 2587 forum,

1074 2609 1201 2657 pour
1222 2595 1309 2657 qui
1330 2595 1626 2657 l’eloquenoe
1644 2601 1721 2645 est
1732 2595 1871 2647 faite.

1075 2687 1142 2697 —-
1165 2660 1313 2710 Alors
1334 2661 1538 2720 Brutus,

1072 2724 1355 2776 Notre-ami
1378 2727 1577 2787 Calvus,
1601 2727 1761 2789 dit-il,

1071 2794 1261 2843 voulait
1275 2795 1349 2843 soi
1373 2797 1474 2843 etre
1496 2795 1664 2859 appele

1072 2870 1267 2909 orateur
1284 2860 1473 2923 attique
1498 2878 1510 2907 ε

1067 2925 1130 2974 de
1152 2927 1204 2974 Hs
1223 2926 1387 2975 venait
1406 2933 1532 2975 oette
1552 2926 1835 2991 simplicite,

1071 2993 1193 3055 qu'il
1228 2992 1529 3043 recherchait

1069 3060 1100 3106 a
1122 3057 1328 3107 dessein.

1069 3151 1137 3161 -
1158 3125 1202 3174 11
1224 3125 1404 3188 parlait
1427 3126 1571 3183 ainsi,
1602 3124 1779 3190 dis-je3

1069 3192 1195 3239 mais
1216 3199 1264 3240 et
1290 3192 1331 3242 il
1354 3207 1405 3240 se
1428 3192 1659 3256 trompait
1686 3192 1973 3255 lui-meme,

1071 3263 1120 3308 et
1135 3258 1174 3305 il
1185 3256 1369 3307 foroait

1069 3323 1142 3371 les
1159 3330 1323 3372 autres
1348 3323 1481 3372 aussi
1501 3325 1532 3372 a
1549 3338 1599 3371 se
1622 3330 1855 3387 tromper.

1065 3388 1163 3440 Car
1183 3390 1225 3437 si
1249 3391 1518 3453 quelqa’un
1530 3390 1662 3440 oroit

1069 3468 1193 3504 oeux
1226 3455 1312 3519 qui
1333 3455 1524 3519 pai-lent

1068 3521 1124 3570 ni
1143 3528 1421 3582 sottement,

2023 357 2138 411 323
