2592 4084
1116 420 1375 466 BRUTUS.
2046 414 2067 468 l
2086 416 2153 469 15

324 540 433 585 erat
457 534 698 591 volubilis,
1113 535 1232 583 etait
1248 536 1535 592 abundante,

311 603 399 656 sed
427 599 571 664 paulo
594 598 862 650 fervidior„
1116 604 1239 649 mais
1260 618 1330 649 un
1349 618 1439 665 peu
1461 603 1881 665 trop-vehemente.

320 670 389 717 M.
415 666 611 716 Fulvius
649 666 870 724 Flaccus,
1116 667 1184 715 Μ.
1210 667 1412 717 Fulvius
1434 669 1652 728 Flaccus,

319 738 372 781 et
401 733 449 781 C.
476 737 613 789 Cato,
1116 741 1163 781 et
1184 733 1240 783 C.
1266 733 1437 788 Caton.

316 795 453 845 filius
477 800 655 848 setosis
677 797 916 856 Africani,
1114 797 1194 847 fils
1227 799 1284 847 de
1310 801 1359 848 la
1375 815 1508 848 secur
1530 799 1586 847 de
1604 800 1868 861 l'Africain,

320 873 539 913 oratores
571 863 852 922 mediocres,
1114 872 1332 913 cratem-s
1348 865 1627 921 mediocres,

321 931 375 978 in
399 931 565 993 aliquo
595 944 796 978 numero
814 929 957 979 etiam
977 947 990 985 3
1113 940 1216 979 sone
1245 931 1366 979 dans
1387 933 1593 994 quelque
1611 930 1777 978 estime
1799 933 1956 989 aussi3

323 996 414 1046 etsi
435 998 616 1061 scripta
637 996 799 1046 Flacci
819 1002 949 1052 sunt,
1113 996 1347 1059 bien-que
1365 998 1445 1044 des
1466 999 1607 1045 ecrits
1632 997 1689 1044 de
1709 997 1910 1045 Flaccus
1926 997 2151 1056 existent,

320 1063 404 1110 sed
422 1062 701 1116 utstudiosi
725 1062 1012 1110 litterarum.
1111 1065 1233 1110 mais
1263 1079 1449 1111 comme
1467 1064 1582 1111 d’un
1602 1072 1818 1110 amateur
1840 1062 1921 1110 des
1942 1064 2120 1111 lettres.

320 1128 380 1176 P.
419 1128 596 1177 Decius
618 1136 777 1175 autem
1111 1128 1234 1177 Mais
1254 1130 1311 1176 P.
1336 1130 1517 1178 Decius

318 1194 415 1242 fuit
436 1195 644 1243 aemulus
663 1194 841 1249 Flacci,
1111 1194 1185 1242 fut
1208 1196 1338 1252 rival,
1357 1195 1415 1242 de
1443 1195 1663 1251 Flaccus,

320 1275 418 1307 non
440 1261 604 1308 infans
623 1261 709 1308 ille
732 1260 945 1321 quidem,
1110 1275 1208 1307 non
1229 1263 1514 1309 sans-talent
1533 1262 1602 1308 lui
1627 1260 1692 1309 du
1713 1262 1887 1317 moins,

318 1326 404 1373 sed
425 1334 480 1373 ut
500 1326 809 1374 turbulentus
826 1328 929 1374 vita
1109 1328 1232 1374 mais
1263 1342 1449 1374 comme
1483 1326 1781 1374 desordonne’
1800 1325 1920 1374 dans
1945 1341 1999 1374 sa
2025 1326 2119 1387 vie„

317 1393 387 1440 sic
415 1394 631 1440 oratione
651 1394 812 1439 etiam.
1110 1392 1168 1440 de
1195 1396 1350 1439 meme
1367 1393 1488 1440 dans
1509 1408 1596 1440 son
1619 1394 1829 1455 langage
1838 1394 1967 1441 aussi

316 1457 388 1505 Μ.
416 1457 623 1513 Drusus,
644 1457 775 1505 filius
793 1458 874 1518 C.‚
1111 1458 1180 1505 M.
1208 1459 1415 1513 DrusuS,
1442 1457 1520 1504 fils
1539 1458 1596 1506 de
1616 1457 1779 1515 Caius,

318 1525 402 1585 qui
421 1523 568 1587 fregit
589 1527 642 1572 in
661 1524 911 1572 tribunatu
1110 1524 1194 1585 qui
1218 1525 1390 1571 abattit
1415 1524 1537 1571 dans
1563 1539 1651 1572 son
1673 1523 1890 1571 tribunat

316 1589 370 1638 C.
399 1588 690 1647 Gracchum,
723 1591 985 1652 collegam,
1109 1589 1163 1638 C.
1189 1589 1460 1648 Gracchus,
1484 1605 1565 1637 son
1585 1591 1819 1653 collegue,

314 1656 492 1703 iterum
511 1657 780 1712 tribunum,
1109 1655 1560 1704 une-seconde-fois
1587 1656 1751 1702 tribun

313 1722 391 1768 vir
413 1723 576 1784 gravis
1108 1727 1181 1784 sut
1201 1738 1267 1769 un
1293 1723 1487 1769 homme
1509 1722 1751 1784 distingue

314 1794 362 1835 et
381 1789 617 1844 oratione,
1108 1795 1156 1835 et
1180 1803 1266 1849 par
1301 1804 1354 1835 sa
1382 1789 1559 1850 parole,

314 1859 363 1900 et
384 1855 701 1910 auctoritate3
1108 1861 1156 1901 et
1173 1868 1260 1915 par
1287 1854 1531 1901 l’autcrite
1549 1852 1631 1916 (de
1652 1867 1704 1899 sa
1722 1853 1997 1917 personne);

314 1917 368 1967 C.
387 1934 481 1981 que
501 1920 694 1967 Drusus
716 1917 864 1966 frater
1106 1927 1155 1967 et
1187 1919 1240 1967 C.
1280 1919 1470 1967 Drusus
1489 1936 1572 1968 son
1597 1919 1721 1966 fr‘ere

314 1985 410 2033 fuit
430 1985 694 2046 adjunctus
716 1984 759 2031 ei
783 1984 1018 2045 proxime.
1106 1999 1137 2031 a
1158 1986 1232 2031 ete
1262 1987 1425 2047 ajoute
1454 1988 1482 2031 a
1506 1986 1576 2033 lui
1598 1985 1893 2033 tout-a-ccte

311 2050 453 2097 Tuus
482 2050 611 2096 enim
646 2049 862 2112 gentilis,
884 2049 1049 2106 Brute,
1106 2050 1200 2098 Car
1217 2057 1299 2097 ton
1323 2058 1508 2113 parent,
1536 2052 1733 2109 Brutus,

310 2116 384 2163 M.
418 2115 613 2164 Pennus
632 2115 838 2178 agitavit
862 2114 1004 2163 facile
1105 2115 1172 2163 M.
1202 2115 1393 2164 Pennus
1413 2125 1609 2179 attaqua
1630 2117 1860 2164 aisement

311 2183 367 2229 in
381 2181 639 2229 tribunatu
656 2181 712 2230 C.
735 2180 1029 2239 Gracchum,
1107 2179 1229 2229 dans
1251 2198 1337 2230 son
1360 2183 1575 2230 tribunat
1601 2183 1657 2231 C.
1678 2181 1946 2239 Gracchus,

309 2247 598 2296 antecedens
621 2247 841 2309 paullum
864 2254 1027 2299 aetate.
1107 2247 1153 2294 le
1174 2249 1429 2309 precedant
1445 2264 1513 2296 un
1531 2264 1624 2311 peu
1650 2263 1735 2310 par
1751 2247 1896 2311 l’age.

310 2314 458 2362 Erum
1106 2311 1200 2361 Car

316 2379 385 2426 M.
408 2376 590 2441 Lepido
610 2384 659 2426 et
681 2376 743 2427 L.
764 2374 934 2426 Oreste
1108 2378 1175 2425 M.
1198 2378 1404 2440 Lepidus
1428 2385 1475 2427 et
1497 2377 1555 2425 L.
1584 2375 1774 2430 Orestes

316 2445 618 2498 consulibus,
1106 2444 1475 2502 deant-consuls,

312 2510 562 2560 Gracchus
583 2509 679 2557 fuit
701 2516 935 2572 quator,
1107 2509 1356 2559 Gracchus
1392 2510 1469 2557 fut
1497 2516 1739 2571 questeur‚

309 2577 506 2624 Pennus
538 2576 786 2637 tribunus,
952 2575 964 2588 ⁸
1106 2586 1146 2623 ot
1167 2576 1363 2641 Pennus
1388 2578 1457 2635 sut
1480 2575 1665 2634 tribun,

309 2640 440 2690 filius
465 2642 598 2690 illius
619 2642 788 2704 Marci,
1103 2641 1182 2689 fils
1198 2641 1256 2688 de
1272 2656 1327 2689 ce
1344 2642 1555 2700 Marcus,

312 2709 394 2770 qui
415 2707 509 2756 fuit
525 2709 698 2756 consul
1105 2708 1189 2770 qui
1214 2708 1291 2755 fut
1312 2709 1481 2755 consul

311 2790 423 2822 cum
447 2773 507 2833 Q.
539 2774 693 2829 AE1io3
1103 2788 1217 2821 avec
1240 2773 1302 2834 Q.
1327 2772 1489 2821 AElius
1513 2794 1527 2838 ς

310 2841 395 2888 sed
419 2842 460 2887 is
484 2855 679 2901 sperans
1104 2840 1227 2887 mais
1250 2840 1323 2887 lui
1345 2840 1561 2903 aspirant

311 2919 890 3022 fflsszuzussffg’ffi..
1103 2902 1867 3035 {ffisslfflssessffgssjiiffiffd'

313 3037 431 3086 Nam
454 3037 579 3085 nihil
610 3037 770 3100 accepi
1103 3037 1197 3086 Car
1212 3038 1264 3099 je
1287 3038 1384 3085 n’ai
1404 3038 1509 3085 rien
1526 3035 1689 3099 appris

314 3103 372 3151 de
394 3104 450 3152 Τ.
477 3104 781 3163 Flaminino,
1104 3102 1161 3151 de
1181 3102 1240 3153 T.
1268 3102 1593 3159 Flamininus,

310 3184 451 3231 quem
475 3168 575 3217 vidi
599 3169 725 3231 ipse,
1104 3183 1196 3231 que
1217 3169 1308 3231 j’ai
1335 3184 1399 3218 vu
1419 3168 1715 3228 moi-meme,

310 3236 407 3348 {nisi
429 3237 650 3284 locutum
673 3235 930 3299 diligenter
1102 3235 1147 3282 si
1167 3249 1222 3348 cle
1244 3234 1369 3283 n’est
1390 3235 1511 3298 qu’il
1543 3234 1680 3297 parla
1700 3240 2046 3282 correctement

330 3301 476 3349 atine.
1100 3314 1183 3349 en·
1203 3300 1324 3349 atin.

378 3367 561 3416 XXIX.
591 3367 660 3416 Iis
691 3372 806 3415 sunt
827 3366 1050 3430 adjuncti
1166 3366 1351 3416 XXIX.
1390 3366 1433 3415 A
1455 3365 1658 3414 ceux-la
1679 3373 1768 3414 ont
1785 3367 1860 3415 ete
1874 3364 2028 3429 joints

311 3432 367 3481 C.
396 3433 562 3489 Curio,
581 3434 651 3482 M.
684 3433 931 3489 Scaurus,·
1100 3431 1157 3481 G.
1178 3432 1383 3491 Carion,
1406 3432 1475 3480 M.
1496 3431 1722 3487 Scaurus,

310 3498 370 3546 P.
409 3498 638 3556 Rutilius,
662 3499 717 3548 C.
743 3497 1010 3549 Gracchus.
1098 3498 1158 3545 P.
1185 3497 1413 3556 Rutilius,
1442 3497 1498 3546 C.
1528 3496 1798 3546 Gracchus.

310 3564 450 3614 Licet
468 3566 626 3615 dicere
644 3566 852 3614 breviter
1099 3562 1175 3612 On
1197 3572 1314 3627 peut
1335 3562 1497 3627 parler
1520 3562 1934 3627 en-pou-de-mots
