2592 4084
299 460 352 500 et
374 467 465 513 ego
484 452 686 513 posthac

296 520 542 580 attingam
572 517 821 567 historiam

299 585 516 637 cautius,

298 659 349 697 te
369 650 626 704 audiente3

298 730 449 776 quem
489 723 731 761 auctorem

300 796 467 828 rerum
493 791 810 826 romanarum·

296 861 500 908 possum
534 845 731 892 laudare

272 946 278 953 ,
298 910 748 973 religiosissimum.

368 976 463 1026 Sed
485 986 588 1023 tum
610 975 837 1037 Pericles,

296 1041 434 1090 filius
452 1041 739 1104 Xanthippi,

297 1107 361 1155 de
380 1122 474 1169 quo
498 1108 600 1155 dixi
615 1114 741 1165 ante,

294 1173 529 1221 adhibuit
549 1173 822 1221 doctrinam

298 1240 402 1286 fere
419 1240 604 1301 primus
622 1256 635 1295 ς

299 1319 577 1366 quanquam
611 1313 718 1352 tum

291 1385 410 1432 quse
429 1369 617 1418 dicendi
634 1375 740 1418 erat
758 1369 916 1429 nulla,

299 1443 467 1483 tamen

296 1498 519 1550 eruditus
534 1501 593 1548 ab
617 1500 918 1565 Anaxagora.

294 1566 528 1630 physico,

298 1631 587 1681 traduxerat
607 1633 752 1682 facile

299 1699 694 1746 exercitationem
718 1699 896 1746 mentis

289 1779 330 1810 a
346 1765 490 1811 rebus
512 1766 776 1813 reconditis

290 1830 627 1892 abstrusisque

294 1894 364 1942 ad
387 1910 556 1942 causas
573 1896 787 1945 forenses

294 1961 666 2024 popularesque.

293 2027 509 2075 Athena
529 2035 643 2073 sunt

294 2092 524 2139 hilaratae
546 2092 759 2140 maxime

294 2157 537 2205 suavitate
556 2157 730 2216 hujus;

295 2224 552 2270 admiratus
574 2225 842 2272 ubertatem

289 2289 581 2352 copiamque
600 2289 768 2352 hujus,

297 2355 567 2403 timuerunt
588 2356 687 2402 vim
712 2354 904 2404 dicendi

297 2431 624 2482 terroremque
645 2421 880 2483 ejusdem.

363 2485 478 2534 XII.
508 2487 664 2549 Igitur
684 2487 791 2535 haec
813 2501 931 2535 aetas

296 2552 417 2599 tulit
439 2553 596 2614 prima
624 2552 829 2600 Athenis

295 2626 534 2665 oratorem
557 2618 840 2678 perfeetum.

294 2683 490 2731 Etenim
508 2684 749 2746 cupiditas
764 2683 957 2732 dicendi

294 2764 396 2795 non
417 2750 537 2798 solet
554 2751 686 2797 nasci

295 2815 350 2861 in
386 2815 792 2864 constituentibus

297 2880 666 2941 rempublicam,

295 2959 390 2992 nec
412 2946 463 2992 in
483 2947 758 3008 gerentibus
777 2946 922 3008 bella,

295 3024 389 3058 nec
409 3012 462 3058 in
477 3011 722 3073 impeditis

296 3090 355 3125 ac
377 3075 613 3125 devinctis

296 3141 627 3191 dominatione
647 3157 837 3206 regum.

297 3206 592 3268 Eloquentia
604 3216 678 3257 est
694 3223 854 3258 comes
880 3209 1030 3273 pacis,

299 3274 524 3334 sociaque
547 3275 652 3331 otii,

297 3346 346 3384 et
371 3340 511 3400 quasi
540 3340 759 3401 quaedam
782 3341 981 3389 alumna

296 3404 506 3453 civitatis
527 3407 629 3467 jam

297 3469 421 3517 bene
441 3472 732 3520 constitutae.
820 3534 824 3539 ,

1103 334 1342 379 BRUTUS
1354 365 1367 379 .
2076 329 2149 384 45

1041 486 1046 492 .
1097 455 1146 497 et
1167 450 1265 497 moi
1294 448 1589 498 dorenavaut

1093 515 1147 575 je
1163 516 1483 577 m'occuperai
1508 516 1754 566 d'histoire

1098 580 1428 643 avec-plus-de
1457 583 1661 645 reservo,

1097 647 1167 693 toi
1196 645 1484 704 entendant3

1095 710 1254 773 lequel
1278 713 1491 759 ecrivain

1095 776 1154 824 de
1171 777 1407 824 l’histoire
1433 779 1647 827 romaine

1093 842 1142 903 je
1163 856 1288 905 peux
1312 843 1448 890 louer

1093 909 1319 971 (comme)
1356 910 1399 956 le
1423 910 1532 971 plus
1551 917 1710 957 exact.

1158 974 1285 1022 Mais
1309 975 1437 1023 alors
1453 975 1681 1031 Pericles,

1092 1037 1170 1087 fils
1193 1040 1250 1088 de
1268 1040 1562 1105 Xanthippe,

1093 1104 1211 1153 dont
1235 1107 1323 1166 j’ai
1346 1108 1481 1168 ραι-16
1513 1115 1835 1170 anparavant‚

1093 1172 1427 1234 appela-a-son
1450 1173 1560 1221 aide
1584 1175 1633 1221 la
1653 1175 1841 1222 science

1093 1251 1294 1299 presque
1317 1239 1363 1285 le
1384 1240 1612 1301 premier3

1094 1304 1305 1366 quoique
1327 1305 1460 1351 alors

1092 1370 1424 1417 cette-science
1444 1370 1502 1419 de
1518 1369 1682 1432 parler
1716 1369 1791 1419 fut
1817 1372 1972 1432 nulle,

1091 1435 1356 1497 cependant

1088 1501 1288 1548 instruit
1308 1516 1393 1571 par
1421 1502 1711 1565 Anaxagore

1090 1565 1137 1611 le
1159 1566 1428 1628 physicien,
1645 1566 1654 1571 “

1090 1631 1130 1678 il
1152 1633 1282 1679 avait
1308 1633 1583 1693 transporte
1607 1632 1878 1685 facilement

1090 1696 1162 1744 les
1195 1711 1466 1745 ressources
1489 1697 1605 1745 d’un
1630 1702 1968 1764 esprit-exerce

1092 1761 1175 1810 des
1200 1763 1364 1811 etudes
1389 1764 1646 1826 profondes

1091 1835 1140 1876 et
1162 1829 1417 1877 abstraites

1092 1908 1190 1941 aux
1212 1893 1404 1943 affair-es
1427 1893 1726 1944 du-barreau

1092 1967 1142 2006 et
1165 1959 1247 2007 des
1270 1961 1865 2026 assemblees-du-peuple.

1090 2025 1306 2073 Athones
1341 2041 1371 2073 a
1390 2028 1463 2074 ete

1089 2091 1268 2153 egayee
1292 2091 1539 2154 beaucoup

1090 2170 1179 2217 par
1199 2156 1250 2204 la
1272 2157 1483 2206 douoeur
1513 2157 1572 2206 de
1593 2159 1721 2207 celui
1730 2159 1814 2219 -ci,

1090 2220 1336 2270 admit-ant
1358 2225 1408 2272 la
1430 2223 1640 2272 richesse

1091 2292 1141 2335 et
1162 2289 1482 2338 l'abondance
1505 2288 1564 2336 de
1583 2290 1808 2347 celui-ci,

1090 2353 1184 2400 elle
1202 2354 1413 2415 craignit
1430 2356 1480 2403 la
1504 2355 1635 2403 force
1658 2356 1718 2403 de
1739 2356 1903 2418 parole

1089 2425 1137 2466 et
1167 2419 1768 2483 l'eloquence—redoutable
1801 2423 1865 2470 du
1886 2426 2056 2473 meme.

1090 2484 1204 2533 XII.
1230 2485 1527 2534 Ainsi-donc
1560 2502 1613 2535 ce
1638 2488 1778 2535 siecle

1091 2550 1332 2614 produisit
1350 2553 1396 2600 le
1414 2552 1617 2615 premier
1645 2554 1674 2600 ὲ,
1698 2553 1908 2601 Athones

1093 2631 1160 2662 un
1186 2626 1380 2665 orateur
1404 2618 1599 2680 parfait.

1093 2681 1166 2730 En
1197 2683 1309 2730 effet
1330 2683 1376 2732 le
1394 2687 1517 2746 gout
1543 2684 1600 2731 de
1625 2683 1922 2745 l'eloquence

1090 2749 1174 2795 n’a
1199 2765 1284 2810 pas
1308 2760 1534 2799 coutume
1557 2750 1617 2797 de
1635 2753 1791 2798 naltre

1089 2815 1212 2876 chez⁴
1228 2815 1687 2878 ceux—qui-fondent

1089 2895 1156 2926 un
1181 2881 1310 2939 Etat,

1087 2948 1140 2993 ni
1161 2945 1277 2993 ohez
1300 2947 1664 3010 ceux-qui-font
1687 2947 1769 2996 des
1788 2962 2003 3010 guerr-es,

1086 3013 1140 3059 ni
1162 3011 1278 3059 cbez
1296 3017 1359 3060 les
1377 3015 1572 3076 penples
1594 3015 1812 3062 entraves

1086 3086 1136 3125 et
1161 3077 1421 3129 enchalnes

1086 3158 1176 3205 par
1194 3144 1245 3191 la
1266 3143 1568 3194 domination
1591 3144 1674 3193 des
1688 3146 1803 3194 rois.

1086 3208 1403 3272 L’eloquence
1425 3217 1498 3258 est
1515 3225 1783 3274 compagae
1812 3210 1938 3259 dela
1961 3211 2096 3273 paiz,

1087 3282 1135 3323 et
1157 3277 1283 3324 amic
1309 3275 1373 3324 du
1398 3292 1553 3339 repes,

1088 3347 1135 3388 et
1152 3355 1340 3388 comme
1373 3357 1468 3389 une
1490 3342 1863 3406 espece-d'eleve

1087 3407 1201 3453 <run
1222 3393 1341 3455 Fitat
1370 3407 1510 3469 dejs.

1089 3473 1201 3520 bien
1226 3476 1467 3536 organise.
