2592 4084
519 303 592 358 80
1317 315 1578 361 BRUTUS.

516 427 860 493 consulibuS,
907 433 1144 484 mortem
1182 428 1319 485 obiit
1355 432 1582 486 EnniuS.
1615 434 1745 488 Erat
1787 433 1985 490 iisdem
2023 436 2380 506 temporibus

515 522 638 576 Tib.
664 521 962 593 GracchuS,
993 525 1054 578 P.
1082 526 1170 590 F„
1195 523 1290 595 qui
1321 523 1405 578 lis
1428 524 1620 580 consul
1650 530 1705 580 et
1726 541 1924 582 censor
1943 527 2070 597 fuit,
2094 528 2260 599 cujus
2290 536 2379 584 est

516 614 693 669 oratio
719 629 904 684 graeca
926 614 1072 684 apud
1096 613 1369 669 Rhodios
1355 632 1558 687 ,quem
1580 616 1760 672 civem
1777 634 1948 689 quum
1973 635 2226 690 gravem,
2253 628 2374 675 tum

517 703 685 759 etiam
727 704 1082 776 eloquentem
1124 713 1339 765 constat
1379 708 1580 767 fuisse.
1609 710 1684 763 Ρ.
1705 710 1874 765 etiam
1915 710 2236 799 Scipionem
2260 715 2373 767 Na·

518 793 725 873 sicam„
749 796 847 868 qui
872 801 957 852 est
983 797 1280 852 Corculum
1309 797 1639 870 appellatus»,
1678 799 1770 870 qui
1805 800 1937 855 item
1964 801 2053 857 his
2093 803 2289 858 consul
2318 810 2376 859 et

518 904 713 944 censor
738 889 864 953 fuit,
892 889 1141 945 habitum
1172 888 1552 962 eloquentem
1583 894 1658 946 M.
1688 892 1879 959 alium,
1903 892 2075 966 illius,
2098 897 2194 968 qui
2213 912 2373 952 sacra

518 978 812 1052 acceperit,
861 982 1066 1051 filium3
1115 980 1282 1037 etiam
1316 984 1376 1036 L.
1419 983 1735 1053 Lentulum,
1780 985 1875 1056 qui
1912 1001 2037 1041 cum
2066 989 2129 1043 C.
2171 988 2370 1059 Figulo

520 1072 711 1129 consul
740 1073 864 1138 fuit3
906 1075 976 1140 Q.
1023 1073 1385 1144 Nobiliorem,
1417 1077 1492 1131 M.
1517 1077 1605 1145 F„
1630 1074 1748 1146 jam
1780 1077 1957 1146 patrio
1986 1077 2242 1134 instituto
2274 1079 2369 1134 de—

519 1171 696 1226 ditum
723 1169 907 1225 studio
934 1168 1266 1240 litterarum,
1293 1170 1389 1241 qui
1407 1170 1580 1225 etiam
1605 1172 1671 1237 Q.
1708 1172 1965 1244 Ennium,
1990 1173 2087 1245 qui
2116 1192 2243 1230 cum
2269 1192 2368 1247 pa-

518 1267 603 1317 tre
629 1260 750 1331 ejus
777 1260 834 1315 in
857 1259 1059 1316 AEtolia
1083 1260 1444 1332 militaverat,
1470 1261 1692 1318 civitate
1710 1263 1950 1335 donavit,
1980 1281 2153 1337 quum
2180 1268 2373 1322 trium-

520 1354 605 1407 vir
633 1349 904 1407 coloniam
938 1351 1288 1416 deduxissem
1335 1358 1392 1407 et
1435 1355 1496 1407 T.
1537 1353 1774 1408 Annium
1805 1357 2061 1427 Luscum,
2102 1357 2272 1430 huJus
2303 1361 2364 1426 Q.

519 1443 701 1499 Fulvii
730 1441 1023 1514 collegam,
1052 1459 1161 1499 non
1200 1442 1527 1500 indisertum
1560 1444 1750 1501 dicunt
1776 1446 1963 1503 fuisse.
1992 1451 2169 1522 Atque
2201 1452 2369 1508 etiam

521 1536 582 1588 L.
621 1533 869 1607 Paullus,
912 1536 1151 1593 Africani
1179 1543 1360 1609 pater,
1398 1553 1693 1608 personam
1726 1539 1989 1612 principis
2027 1541 2162 1600 civis
2206 1544 2369 1601 facile

524 1627 756 1682 dicendo
777 1627 1061 1701 tuebatur3
1091 1635 1147 1685 et
1171 1645 1305 1686 vero
1332 1629 1496 1684 etiam
1522 1634 1642 1684 tum
1665 1631 1869 1686 Catone
1894 1632 2041 1705 vivo,
2070 1635 2167 1706 qui
2196 1651 2368 1692 annos

521 1720 764 1794 quinque
794 1726 851 1776 et
874 1722 1153 1794 octoginta
1183 1727 1347 1778 natus
1370 1722 1602 1779 excessit
1629 1738 1659 1777 e
1685 1724 1819 1791 vita,
1851 1741 2024 1797 quum
2046 1728 2277 1798 quidem
2304 1745 2367 1784 eo

523 1814 642 1885 ipso
666 1829 809 1871 anno
837 1821 1028 1872 contra
1053 1817 1173 1871 Ser.
1199 1814 1449 1881 Galbam,
1474 1815 1548 1871 ad
1582 1815 1868 1887 populum,
1895 1834 2112 1873 summa
2140 1826 2367 1875 conten-

522 1908 672 1965 tione
703 1908 956 1981 dixisset3
987 1925 1152 1982 quam
1179 1910 1346 1965 etiam
1377 1909 1684 1966 orationem
1720 1910 1982 1982 scriptam
2009 1911 2260 1985 reliquit.

521 2116 568 2164 le
587 2116 811 2163 consulat
833 2114 891 2162 de
920 2115 981 2177 Q.
1014 2115 1199 2164 Marius
1223 2123 1269 2162 et
1292 2115 1351 2163 de
1385 2116 1476 2166 Cn.
1504 2115 1754 2165 Servilius.
1784 2117 1918 2165 Dans
1945 2117 1992 2165 lo
2012 2120 2167 2169 meme
2194 2122 2363 2180 temps,

523 2196 676 2242 vivait
700 2193 928 2243 Tiberius
951 2194 1220 2250 Gracchus,
1246 2194 1324 2242 fils
1356 2196 1413 2242 de
1446 2195 1670 2253 Publius,
1702 2196 1784 2258 qui
1821 2196 1901 2243 fut
1932 2210 2135 2244 censeur
2171 2201 2221 2243 et
2243 2195 2368 2244 deux

522 2275 617 2323 fois
639 2275 827 2330 consul,
845 2283 893 2322 et
922 2274 1042 2322 dont
1076 2276 1113 2323 il
1139 2284 1262 2323 reste
1286 2292 1351 2322 un
1389 2276 1606 2323 discours
1640 2291 1772 2339 grec,
1807 2278 2047 2339 prononce
2087 2275 2267 2325 devant
2301 2277 2367 2324 les

522 2353 784 2402 Rhodiens.
810 2354 983 2403 C'etait
1022 2370 1091 2402 un
1127 2357 1317 2417 citoyen
1343 2364 1578 2402 vertueux
1609 2363 1657 2401 et
1701 2371 1769 2403 un
1806 2355 1999 2403 homme
2026 2356 2271 2417 eloquent.
2299 2354 2365 2404 On

522 2435 733 2480 attribue
756 2435 886 2481 aussi
917 2434 974 2481 de
1008 2434 1303 2496 l'eloquence
1322 2437 1351 2480 a.
1369 2433 1564 2495 Scipion
1591 2433 1788 2495 Nasica,
1812 2437 2088 2481 sui-nomme
2107 2435 2362 2495 Corculum,

524 2513 709 2570 decore,
739 2528 924 2561 comme
955 2514 1220 2573 Gracchus,
1235 2514 1292 2561 de
1319 2515 1445 2560 deux
1469 2514 1712 2561 consulate
1734 2523 1782 2560 et
1808 2514 1866 2560 de
1901 2514 1951 2561 la
1982 2529 2196 2572 censure,
2227 2526 2275 2562 et
2293 2514 2367 2561 fils

526 2593 590 2639 du
614 2592 809 2655 Scipion
834 2594 918 2654 qui
941 2604 1076 2656 recut
1100 2594 1146 2641 la
1169 2598 1299 2640 mere
1315 2592 1397 2638 des
1420 2592 1584 2639 (lieux.
1609 2591 1683 2641 On
1701 2595 1795 2641 cite
1812 2607 1983 2640 encore
2000 2592 2256 2649 LentuluS,
2286 2592 2368 2654 qui

524 2671 602 2718 fut
623 2671 793 2719 consul
827 2686 940 2719 avec
979 2673 1221 2735 Figulns3
1261 2672 1321 2732 Q.
1351 2670 1591 2726 Nobilior,
1621 2670 1699 2718 fils
1733 2671 1790 2718 de
1829 2670 2043 2728 Marcus,
2073 2672 2185 2734 dejb.
2218 2672 2367 2720 forme

524 2766 613 2812 par
639 2752 708 2798 les
729 2751 890 2813 lecons
912 2752 1200 2813 paternelles
1221 2753 1251 2798 ὲ.
1273 2749 1453 2798 l'etude
1479 2749 1560 2795 des
1583 2752 1765 2805 lettres,
1796 2758 1843 2798 et
1867 2753 1950 2813 qui
1984 2753 2117 2799 etant
2141 2752 2367 2800 triumvir

523 2845 648 2892 pour
670 2830 1067 2877 l’etablissement
1105 2831 1251 2876 d’une
1285 2830 1491 2885 colonie,
1529 2829 1694 2876 donna
1715 2830 1760 2877 le
1783 2830 1912 2878 droit
1948 2830 2007 2878 de
2036 2831 2128 2877 cite
2153 2834 2368 2880 romaine

524 2912 555 2956 ὲ
575 2911 786 2971 Ennius,
821 2910 905 2970 qui
939 2909 1068 2955 avait
1090 2910 1335 2956 combattu
1356 2924 1468 2956 sous
1496 2923 1584 2956 son
1611 2909 1718 2970 pere
1737 2925 1795 2956 en
1818 2894 1993 2958 hirone.
2021 2908 2163 2962 Enfin
2187 2911 2245 2958 T.
2262 2911 2366 2958 An-

523 2991 636 3037 nius
660 2990 861 3048 Luscus,
895 2989 1112 3051 collegue
1137 2988 1193 3035 de
1214 2988 1437 3036 Nobilior
1459 2989 1581 3036 dans
1602 2989 1646 3035 le
1680 2991 1916 3046 consulut,
1946 3005 2006 3036 ne
2028 2990 2105 3036 fut
2129 3005 2233 3051 paS,
2272 2992 2366 3039 dit.

525 3086 608 3128 on,
647 3084 762 3116 sans
784 3069 937 3115 talent
955 3083 1076 3130 pour
1100 3069 1149 3114 la
1173 3069 1353 3130 parole.
1378 3068 1542 3128 Quant
1562 3071 1592 3114 a
1615 3068 1738 3114 Paul
1761 3052 1939 3127 limile,
1968 3070 2078 3131 pere
2107 3068 2172 3116 du
2194 3070 2366 3118 second

523 3150 764 3205 Africam,
798 3164 887 3196 son
908 3150 1168 3210 eloquence
1205 3149 1375 3195 n’e'tait
1395 3150 1529 3209 point
1552 3146 1844 3195 su-dessous
1868 3148 1933 3194 du
1952 3148 2073 3195 haut
2103 3163 2228 3211 rang
2251 3150 2367 3211 qu'il

524 3232 678 3278 tenuit
701 3230 820 3277 dans
843 3231 894 3277 la
912 3229 1207 3292 republique.
1235 3229 1390 3277 Caton
1410 3230 1559 3276 vivait
1580 3243 1750 3276 encore
1769 3229 1911 3277 alors.
1930 3228 1972 3276 11
1985 3236 2182 3276 mourut
2204 3232 2233 3275 a
2254 3245 2365 3291 qua-

524 3308 904 3371 tre-vingt-cinq
927 3323 1032 3366 anS,
1057 3315 1120 3365 et,
1147 3309 1198 3354 la
1233 3308 1448 3355 derniere
1480 3310 1632 3355 annee
1654 3306 1712 3354 de
1748 3323 1803 3354 sa
1834 3307 1926 3369 vie,
1957 3309 1993 3355 il
2016 3323 2263 3370 prononca.
2286 3309 2365 3355 de·-

524 3398 643 3438 vant
664 3388 710 3434 le
737 3387 905 3450 peuple
927 3397 1094 3434 contre
1113 3388 1246 3435 Serv.
1276 3387 1434 3437 Galba
1456 3403 1523 3434 un
1542 3386 1761 3435 discours
1780 3387 1910 3451 plein
1940 3386 1997 3434 de
2019 3386 2219 3435 chaleur
2241 3395 2290 3434 et
2306 3387 2369 3437 ‚de

526 3468 828 3531 vehemence,
850 3468 971 3530 qu’il
995 3483 1024 3515 a
1045 3472 1196 3516 meme
1214 3468 1357 3516 luisse
1388 3483 1473 3530 par
1495 3468 1633 3516 ecrit.

2547 1154 2554 1209 l
