2592 4084
311 495 597 543 memoriam
620 495 697 543 sui
712 495 900 559 ingenii

310 561 365 609 in
389 569 653 622 posterum,

311 640 465 688 quum
487 633 663 689 putant

310 707 364 742 ee
389 706 493 740 esse
520 692 714 754 adeptos

311 759 524 819 gloriam
549 758 739 806 dicendi

313 826 434 871 satis
453 839 704 887 magnam,

311 903 514 952 eamque
541 891 699 937 visum
725 890 788 939 iri

310 957 544 1018 majorem
572 956 738 1017 etiam,

309 1022 353 1071 si
380 1036 469 1069 sua
491 1022 672 1084 scripta.
689 1037 788 1070 non
808 1023 1027 1071 venerint

310 1087 365 1134 in
383 1088 640 1135 arbitrium

309 1153 692 1201 existimantium
705 1170 721 1212 ς

307 1219 449 1277 alios,
471 1219 598 1281 quod
622 1225 789 1282 putent

311 1298 362 1332 se
378 1301 512 1347 posse
531 1285 687 1333 dicere
709 1285 886 1334 melius

310 1363 456 1411 quam
481 1352 717 1412 scribere,-

310 1416 442 1478 quod
466 1417 714 1480 contingit
735 1417 1021 1479 plerumque

308 1481 590 1531 hominibus
610 1483 979 1545 peringeniosis,

308 1562 464 1611 neque
487 1550 603 1597 satis
639 1548 809 1606 doctis,

307 1622 365 1661 ut
386 1614 556 1663 Galba
580 1615 689 1677 ipsi.

307 1678 417 1728 Non
439 1683 598 1729 solum
618 1680 692 1728 vis
708 1680 912 1743 ingenii,

306 1746 393 1794 sed
417 1749 560 1794 etiam
585 1745 756 1807 animi,

304 1816 357 1859 et
387 1812 587 1875 quidam
621 1812 760 1860 dolor
783 1811 1021 1861 naturalis

306 1876 595 1926 incendebat
620 1875 822 1927 fortasse

307 1956 450 2004 quem
476 1944 731 2001 dicentem,

300 2008 639 2072 efficIebatque

302 2083 362 2122 ut
386 2076 543 2124 oratio
567 2084 690 2124 esset
712 2081 760 2124 et
781 2075 1003 2133 incitata,

303 2147 355 2188 et
381 2141 565 2203 gravis,
587 2150 635 2189 et
662 2141 943 2200 vehemens3

311 2206 423 2253 dein
435 2242 448 2266 ‚
466 2221 615 2268 quum
635 2208 819 2257 otiosus

305 2272 626 2334 prehenderat
644 2274 847 2337 stylum,

305 2339 559 2401 omnisque
589 2350 750 2388 motus
768 2339 938 2398 animi,

305 2411 538 2465 tanquam
561 2414 749 2464 ventus,

304 2468 543 2518 defecerat
560 2470 830 2529 hominem,

306 2537 462 2584 oratio
492 2537 806 2586 flaccescebat
831 2554 843 2585 ε

307 2602 436 2663 quod
452 2618 551 2651 non
567 2605 687 2652 solet
699 2602 915 2651 accidere

261 2715 271 2736 Ι
304 2670 369 2715 iis
394 2670 478 2730 qui
497 2675 837 2717 consectantur

305 2749 461 2797 genus
492 2735 679 2783 dicendi
706 2734 942 2790 limatius,

305 2807 560 2862 propterea
581 2802 709 2863 quod
722 2800 978 2864 prudentia

303 2881 557 2928 nunquam
592 2865 752 2916 deficit
786 2874 1041 2925 oratorem,

305 2945 404 2992 qus
435 2932 519 2980 ille
550 2940 690 2981 utens

302 2997 458 3058 possit
474 3006 520 3047 et
533 2998 687 3048 dicere
708 3005 757 3048 et
773 3000 980 3047 scribere

303 3063 473 3111 eodem
496 3066 668 3130 modo;

304 3128 451 3177 ardor
474 3130 625 3178 animi
800 3135 819 3160 ⁸

305 3209 406 3243 non
437 3196 572 3243 adest
600 3211 804 3260 semper,

304 3275 551 3323 quumque
575 3265 617 3310 is
638 3264 873 3320 consedit,

304 3328 463 3375 omnis
483 3328 573 3375 illa
595 3330 668 3376 vis

304 3400 355 3439 et
377 3393 512 3454 quasi
529 3395 736 3442 flamma
756 3394 962 3443 oratoris

306 3460 653 3523 exstinguitur.

303 3522 468 3587 Igitur
489 3526 548 3573 ob
571 3527 697 3574 hanc
718 3541 912 3575 causam

590 3649 801 3690 BRUTUS

1093 378 1360 427 BRUTUS.
2081 374 2155 429 97

1106 496 1154 542 le
1181 496 1405 544 souvenir
1437 496 1495 544 de
1524 497 1631 545 leur
1653 497 1795 560 genie

1107 560 1229 609 dans
1247 563 1468 616 l'avenir‚

1106 628 1270 689 quand
1286 627 1351 675 ils
1373 628 1558 676 croient

1046 733 1047 736 ,
1105 695 1175 740 soi
1197 694 1333 742 avoir
1366 695 1530 755 aequis

1104 774 1201 807 une
1233 761 1390 822 gloire
1419 760 1637 822 s-parler

1105 840 1239 873 assez
1273 825 1461 888 grande

1105 899 1156 939 et
1171 900 1294 939 cette
1317 897 1458 949 ,qloire
1476 890 1640 938 devoir
1663 895 1871 953 parsitre

1105 957 1218 1019 plus
1247 957 1431 1020 grande
1454 972 1643 1014 encore,

1106 1024 1145 1070 si
1170 1022 1300 1071 leurs
1323 1024 1468 1071 ecrits
1489 1038 1550 1069 ne
1572 1022 1830 1071 viendront
1853 1039 1939 1086 pas

1105 1090 1136 1135 s
1161 1088 1214 1136 la
1239 1089 1674 1151 libre-disposition

1106 1154 1190 1202 des
1211 1156 1565 1218 appreciateurs
1590 1155 1669 1215 (de
1691 1155 1743 1202 la
1761 1156 2019 1219 critique);

1105 1220 1334 1275 d'sutres,
1359 1236 1502 1284 parce
1528 1221 1673 1282 qu’ils
1694 1230 1894 1283 pensent

1104 1286 1176 1333 soi
1199 1287 1403 1348 pouvoir
1425 1286 1586 1350 parler
1611 1288 1778 1336 mieux

1104 1365 1197 1413 que
1218 1354 1392 1416 ecrire3

1102 1431 1157 1465 ce
1175 1418 1258 1479 qui
1281 1419 1441 1465 arrivs
1466 1416 1757 1466 d’ordinsire

1102 1497 1201 1531 aux
1227 1483 1445 1531 hommes
1470 1483 1951 1550 ‹ie-talent-nsturel,

1102 1555 1151 1595 et
1175 1564 1261 1612 pas
1291 1564 1423 1597 assez
1448 1548 1686 1605 instruits,

1102 1629 1288 1662 comme
1314 1619 1342 1661 ὲ
1366 1615 1524 1665 Galba
1544 1616 1818 1663 lui-meme.

1100 1680 1511 1729 Non-seulement
1528 1680 1579 1728 la
1589 1680 1722 1729 force
1743 1680 1801 1728 de
1819 1696 1901 1728 son
1919 1680 2080 1745 genie,

1101 1748 1224 1794 mais
1252 1748 1384 1794 aussi
1409 1747 1466 1793 de
1488 1762 1572 1793 son
1592 1749 1717 1803 ame,

1099 1820 1147 1859 et
1164 1814 1376 1861 certaiue
1401 1812 1667 1861 sensibilite
1683 1813 1920 1861 natm-elle

1098 1878 1400 1926 enflammait
1415 1881 1652 1941 peut-&tre

1099 1945 1293 1992 celui-ci
1327 1944 1763 2007 quand-il-psrluit,

1099 2020 1146 2057 et
1166 2010 1332 2058 feisait

1100 2091 1193 2136 que
1222 2091 1276 2123 ss.
1295 2076 1457 2138 parole
1478 2075 1596 2123 etait
1616 2081 1665 2123 et
1686 2074 1895 2131 animee,

1101 2151 1149 2188 et
1172 2141 1314 2197 forte,
1338 2149 1385 2190 et
1407 2140 1712 2200 vehemente3

1100 2208 1226 2268 puis,
1245 2208 1407 2269 quand
1432 2207 1655 2255 de-loisir

1101 2273 1138 2320 il
1162 2276 1291 2321 avait
1315 2275 1415 2335 pris
1448 2274 1499 2320 la
1522 2273 1702 2335 plume,

1103 2346 1253 2399 etque
1276 2346 1408 2386 toute
1430 2338 1641 2386 emotion
1666 2337 1727 2386 de
1754 2337 1917 2395 l'flme,

1102 2419 1288 2451 comme
1315 2421 1379 2452 uu
1406 2410 1531 2459 vent,

1102 2472 1233 2518 avait
1262 2470 1551 2518 abandonne
1572 2475 1649 2517 cet
1667 2468 1880 2525 homme,

1098 2552 1150 2583 sa
1171 2538 1336 2599 parole
1357 2536 1647 2598 languissait
1672 2551 1686 2582 ι

1099 2604 1268 2665 ce-qui
1292 2605 1374 2650 n’a
1399 2617 1485 2665 pas
1505 2609 1730 2649 coutume
1753 2600 1985 2649 d’arriver

1100 2670 1130 2715 ὲ
1151 2683 1273 2715 ceux
1299 2670 1381 2729 qui
1406 2666 1719 2715 recherchent

1100 2749 1167 2781 un
1191 2749 1340 2797 genre
1361 2734 1421 2781 de
1451 2734 1576 2793 style
1604 2735 1714 2795 plus
1736 2731 1910 2790 chsttini,

1099 2814 1188 2862 par
1215 2802 1265 2847 la
1285 2802 1447 2847 raison
1474 2814 1566 2862 que
1594 2799 1640 2846 le
1658 2801 1913 2860 jugement

1098 2866 1436 2913 n'abandonne
1454 2867 1632 2925 jamnis
1654 2865 1899 2921 rotamur,

1099 2931 1278 2993 duquel
1312 2932 1508 2979 celui-ci
1544 2945 1594 2977 se
1625 2938 1818 2978 servant

1096 3006 1211 3059 peut
1236 3006 1284 3045 et
1312 3000 1472 3059 parler
1500 3003 1548 3045 et
1567 2997 1718 3044 ecrite

1097 3062 1156 3111 de
1178 3064 1229 3110 la
1246 3067 1401 3111 meme
1425 3063 1661 3121 maniere3

1095 3129 1145 3177 la
1167 3130 1364 3177 chaleur
1398 3130 1456 3177 de
1476 3130 1619 3176 l’ame

1097 3210 1159 3243 ne
1183 3196 1389 3243 subsiste
1411 3211 1498 3259 pss
1521 3194 1762 3256 toujours‚

1097 3268 1144 3308 et
1162 3261 1323 3322 quand
1342 3263 1432 3308 elle
1453 3262 1567 3309 s’est
1585 3259 1782 3319 cadmeo,

1097 3332 1231 3375 toute
1256 3334 1379 3375 cette
1409 3329 1540 3374 force

1098 3400 1146 3439 et
1163 3408 1349 3441 comme
1377 3393 1422 3440 le
1441 3394 1522 3440 feu
1547 3391 1605 3440 de
1628 3390 1858 3441 l'orateur

1099 3458 1306 3506 s’eteint.

1099 3525 1240 3573 Donc
1261 3540 1383 3588 pour
1404 3539 1457 3572 ce
1484 3524 1632 3575 motif
