2592 4084
1122 332 1388 378 BRUTUS·
2102 324 2179 377 23

332 451 506 516 Itaque
518 452 759 516 elegimus
770 449 904 500 hune
917 448 1065 507 diem,
1123 448 1265 497 Dono
1284 462 1410 497 neus
1431 461 1581 496 avens
1601 445 1755 494 choisi
1773 461 1828 495 ee
1842 448 1973 510 jour.

336 534 487 582 quum
506 519 738 567 sciremus
1124 516 1370 577 alors-que
1387 528 1509 563 nous
1530 514 1723 562 seviens

336 594 383 633 te
400 599 505 634 esee
525 599 734 634 vacuum
1127 580 1196 628 toi
1212 583 1313 628 &tre
1335 580 1571 628 de-loisir.

335 651 518 713 Quare,
1127 646 1543 710 C’est-pourquoi‚

335 719 377 765 si
401 723 478 765 est
499 714 808 764 commodum
826 712 938 771 tibi,
1130 713 1172 760 si
1193 716 1291 760 cela
1309 719 1383 760 est
1402 711 1625 773 agreable
1647 711 1677 758 ὲ
1701 712 1788 770 toi,

334 784 423 831 ede
447 782 552 840 illa,
583 796 690 844 quae
711 794 938 842 eoeperes,
1130 778 1402 842 developpe,
1428 792 1482 826 ee
1499 793 1592 840 que
1615 783 1673 825 tu
1691 778 1824 827 uvaia
1848 778 2142 840 commeanti,

334 857 385 898 et
415 849 588 910 Bruto,
619 854 669 896 et
684 846 823 896 mihi.
1130 851 1178 892 et
1201 847 1230 892 ὲ
1253 845 1456 898 Brutus,
1486 853 1533 891 et
1555 845 1585 889 ὰ
1609 843 1726 891 moi.

335 939 400 952 -
422 915 529 978 Ego
552 928 681 973 vero,
708 913 933 975 inquam,
1130 934 1198 947 —
1231 910 1361 958 Pour
1390 907 1512 969 moi,
1546 907 1718 971 dis-je,

336 980 379 1027 si
399 991 618 1042 potuero.
1129 977 1170 1023 si
1189 977 1241 1039 je
1259 981 1299 1024 le
1317 976 1445 1038 puis,

334 1046 514 1095 faniam
543 1047 662 1094 estis
694 1044 853 1093 vebia.
1124 1042 1175 1104 je
1193 1041 1433 1090 satisferei
1456 1054 1592 1088 vous.

334 1137 403 1148 —
425 1113 630 1169 Poteris,
649 1112 840 1173 inquit3
897 1109 1073 1175 [mum‚
1127 1134 1194 1144 —
1212 1109 1289 1156 Tu
1310 1108 1357 1156 le
1379 1120 1601 1170 pout-res,
1624 1103 1782 1162 dit-il,

335 1178 504 1227 relaxa
543 1177 688 1225 modo
728 1176 929 1241 paulum
962 1172 1072 1221 ani-
1127 1189 1296 1236 repose
1314 1174 1581 1221 seulement
1604 1186 1671 1217 un
1697 1185 1792 1233 peu
1816 1180 1894 1219 ton
1910 1173 2080 1236 esprit,

340 1249 428 1291 eut
450 1245 606 1293 libera
632 1258 767 1300 eane,
1129 1255 1193 1287 eu
1213 1238 1549 1288 affranehis-le
1569 1235 1893 1301 absolument,

337 1311 379 1356 si
400 1320 553 1372 potes.
1130 1308 1249 1353 situ
1276 1310 1317 1353 le
1349 1320 1494 1368 peux.

336 1375 597 1438 —Nempe
621 1375 795 1438 igitur,
819 1370 1073 1434 Pomponi,
1130 1397 1197 1410 -
1213 1372 1358 1429 Ainsi
1377 1371 1518 1431 done,
1538 1370 1850 1432 Pomponius,

338 1456 495 1488 sermo
512 1441 688 1489 duetus
703 1447 777 1488 est
792 1447 901 1488 tum
926 1437 1062 1494 hino,
1130 1438 1405 1485 l’entretien
1426 1438 1599 1500 nequit
1612 1437 1743 1484 alors
1768 1434 1827 1483 de
1847 1435 1915 1493 lit,

337 1508 469 1568 quod
487 1508 667 1556 mentio
683 1507 813 1555 faeta
834 1510 940 1554 eret
963 1517 1084 1553 eme
1136 1519 1228 1565 que
1255 1503 1472 1551 mention
1490 1504 1621 1551 avait
1640 1504 1714 1551 ete
1733 1502 1850 1551 suite
1867 1517 1954 1565 per
1968 1502 2068 1552 moi

335 1587 416 1620 me
433 1573 626 1621 audisse
1139 1571 1238 1617 moi
1267 1571 1405 1618 avoir
1430 1569 1643 1618 entendu

336 1653 535 1687 eausam
556 1638 796 1701 Dejoteri,
1136 1636 1189 1682 la
1212 1649 1357 1684 cause
1387 1634 1446 1683 de
1475 1634 1755 1697 Dejotarus,

336 1706 470 1769 regis
486 1704 759 1752 fidelissimi
1135 1702 1182 1749 le
1207 1702 1281 1750 roi
1308 1701 1354 1748 le
1382 1701 1496 1762 plus
1517 1700 1659 1749 fidele

337 1777 484 1831 atque
508 1771 699 1833 optimi,
1135 1773 1185 1815 et
1213 1767 1259 1815 le
1293 1766 1533 1823 meilleur,

339 1835 585 1884 defensam
609 1851 641 1883 a
661 1837 814 1884 Bruto
1136 1832 1374 1881 defendas
1393 1847 1482 1895 per
1493 1830 1682 1883 Brutus

338 1902 648 1950 ornatissime
1133 1913 1247 1946 avec
1268 1899 1820 1966 beaucoup-d’elegenee

337 1973 390 2015 et
411 1967 768 2030 eopioseissime
1131 1972 1180 2013 et
1200 1963 1549 2016 d'abondanoe.

404 2033 497 2081 VI.
517 2058 583 2069 —
616 2032 744 2091 Seio,
765 2030 945 2092 inquit,
1215 2029 1309 2079 VI.
1334 2058 1401 2071 -
1416 2030 1479 2082 Je
1498 2033 1613 2094 seis,
1631 2031 1784 2094 dit-il.

338 2112 615 2147 sermonem
1130 2097 1401 2145 l’entretien

338 2170 554 2214 tractum
578 2176 681 2211 esse
696 2162 761 2210 ab
790 2162 885 2210 isto
913 2160 1076 2215 initio,
1131 2166 1231 2210 etre
1256 2164 1318 2211 ne
1340 2163 1397 2210 de
1416 2179 1472 2212 ee
1494 2163 1657 2224 debut,

340 2242 484 2292 teque
508 2229 748 2277 dolentem
770 2228 926 2277 vieem
941 2227 1078 2295 Bxguti
1131 2237 1178 2277 et
1194 2229 1262 2278 toi
1277 2230 1537 2293 plaignsnt
1566 2232 1614 2280 le
1644 2236 1749 2281 sort
1771 2230 1832 2280 de
1852 2233 2037 2281 Brutus

345 2297 485 2359 quasi
521 2295 769 2344 deflevisse
1132 2297 1268 2343 avoir
1285 2310 1346 2343 en
1368 2297 1573 2358 quelque
1586 2304 1715 2346 sorte
1736 2296 1930 2360 deplere

342 2363 620 2410 vestitatem
635 2360 939 2424 judiciorum
1134 2362 1185 2408 la
1209 2361 1418 2410 solitude
1440 2361 1523 2411 des
1557 2363 1823 2412 tribunaux

341 2435 392 2476 et
413 2427 528 2474 fori.
1137 2437 1183 2474 et
1204 2426 1267 2474 du
1292 2427 1474 2476 sorum.

341 2517 411 2530 -
432 2492 543 2540 Feei
567 2496 696 2541 istuc
718 2491 930 2556 quidem,
1154 2519 1203 2529 -
1234 2493 1337 2542 J'ai
1358 2492 1452 2542 fait
1468 2493 1573 2542 eelz
1605 2496 1923 2550 essurement‚

344 2559 571 2621 inquam,
1139 2559 1307 2622 dis-je,
1762 2579 1766 2583 ·

344 2629 395 2672 et
416 2623 544 2672 faeie
577 2638 720 2687 saepe.
1137 2633 1187 2674 et
1205 2625 1259 2687 je
1292 2629 1335 2673 le
1354 2624 1450 2673 seis
1472 2631 1695 2674 souvent.

344 2688 474 2739 Nem
487 2690 799 2740 venitm-ebro
812 2690 867 2739 in
875 2697 1086 2740 mentem
1138 2690 1233 2740 Cer
1253 2691 1294 2740 il
1313 2692 1448 2741 vient
1467 2701 1675 2741 souvent
1696 2694 1728 2739 li
1742 2690 1933 2754 l'esprit

345 2755 473 2803 mihi
507 2756 721 2804 intuenti
747 2757 801 2804 in
826 2764 891 2815 te,
915 2757 1086 2820 Brute,
1142 2758 1172 2805 ὲ
1201 2758 1303 2805 moi
1319 2758 1476 2820 Jetant
1500 2758 1573 2806 les
1596 2773 1729 2823 yeux
1750 2773 1834 2806 sur
1859 2758 1947 2817 toi,
1973 2756 2180 2815 Brutus,

344 2821 645 2884 eoquodnnm
662 2822 959 2871 ourrieulum
1143 2823 1302 2885 quelle
1316 2825 1524 2872 eerriere

346 2888 412 2936 sit
437 2888 666 2936 habiture
683 2887 942 2950 aliquando
1145 2895 1218 2937 est
1241 2889 1573 2939 devant-avoir
1601 2905 1669 2938 un
1690 2888 1809 2953 jour

347 2961 400 3001 et
421 2960 602 3001 nature
629 2953 954 3013 admirabilis,
1144 2964 1194 3002 et
1225 2963 1274 3001 ta
1309 2964 1481 3004 nature
1505 2956 1795 3013 admirable,

348 3026 398 3067 et
418 3018 641 3067 doctrine
663 3020 922 3081 exquisite,
1142 3031 1191 3068 et
1212 3028 1291 3068 ton
1312 3025 1475 3070 saveir
1506 3037 1631 3080 rare,

348 3093 399 3133 et
419 3085 664 3133 industria
682 3087 967 3149 singularis.
1143 3097 1191 3135 et
1211 3096 1288 3134 ton
1308 3089 1501 3137 aetivite
1516 3086 1799 3152 singuliere.

349 3150 495 3200 Enim
532 3166 684 3213 quum
710 3161 934 3201 versatus
963 3166 1093 3202 esses
1143 3153 1221 3201 Eu
1237 3152 1353 3202 effet
1364 3169 1550 3202 eomme
1576 3162 1630 3204 tu
1654 3153 1790 3202 eveis
1810 3151 1968 3216 figure

347 3217 406 3265 in
429 3217 589 3266 eeusie
611 3217 859 3275 maximis,
1145 3218 1267 3268 dans
1289 3219 1373 3268 des
1392 3235 1560 3268 eeuses
1576 3219 2029 3282 tres-importantes,

351 3292 402 3330 et
425 3298 578 3345 quum
610 3293 781 3332 nostra
808 3293 927 3334 ietes
1147 3291 1197 3332 et
1215 3299 1309 3349 que
1325 3293 1464 3335 notre
1485 3287 1578 3350 age

350 3347 542 3398 eederet
555 3349 662 3412 jem
686 3350 795 3412 tibi,
1147 3351 1540 3416 eedeit-le-pleee
1560 3352 1671 3415 deje
1693 3353 1723 3399 ὲ
1742 3352 1832 3409 toi,

353 3416 776 3478 summitteretque
796 3415 971 3479 fasces,
1147 3424 1195 3464 et
1211 3417 1411 3466 beissait
1437 3419 1507 3467 les
1522 3418 1772 3466 fniseeeux
1795 3420 1952 3463 devant
1981 3418 2062 3473 toi,

354 3494 509 3541 quum
543 3482 642 3530 elie
1146 3485 1543 3534 non-seulement
1565 3484 1774 3532 d'autres
1805 3482 1974 3530 choses
