2592 4084
468 246 583 305 320
1255 244 1517 291 saurus.

467 398 596 439 nem
616 374 980 451 pervenisset,
1000 365 1344 426 adscendens
1366 361 1636 434 gradibus
1657 361 2102 429 magistratuum,
2129 358 2193 409 ut
2213 366 2321 424 pa-

467 488 554 537 ter
580 480 704 550 ejus
727 477 957 546 fecerat,
979 475 1042 527 ut
1062 466 1263 541 reliqui
1292 463 1557 521 clariores
1583 459 1710 517 viri.
2006 445 2021 456 ⁴

540 575 674 639 Quae
700 569 925 641 quidem
946 565 1117 622 etiam
1138 576 1266 617 eum
1290 561 1355 614 P.
1373 558 1591 625 Crasse,
1621 556 1982 626 M.F.,quum
2009 550 2166 607 initio
2191 556 2322 607 aeta-

470 672 542 727 tis
583 670 654 725 ad
676 664 977 723 amicitiam
1006 677 1065 717 se
1092 673 1275 715 meam
1304 653 1644 723 contulisset,
1671 667 1819 723 saepe
1846 649 2027 722 egisse
2053 665 2144 704 me
2169 648 2322 704 arbi·
2361 717 2367 722 .

471 774 606 838 tror,
637 780 809 838 quum
837 776 969 819 eum
1002 756 1365 816 vehementer
1404 750 1683 819 hortarer,
1712 752 1776 803 ut
1800 763 1926 804 eam
1965 739 2152 802 laudis
2175 746 2327 802 viam

471 863 840 922 rectissimam
868 874 990 915 esse
1015 857 1262 922 duceret,
1288 864 1457 922 quam
1484 845 1726 919 majores
1749 844 1871 917 ejus
1899 845 1951 900 ei
1976 846 2171 901 tritam
2193 845 2328 901 reli·

475 966 742 1039 quissent.
763 963 893 1015 Erat
907 957 1054 1014 enim
1083 967 1257 1025 quum
1281 948 1567 1006 institutus
1596 944 1824 1017 optime,
1850 949 1972 1000 tum
1994 945 2168 1001 etiam
2197 959 2326 1016 per-

472 1065 616 1119 fecte
638 1061 914 1134 planeque
952 1051 1233 1117 eruditus;
1278 1048 1566 1117 ineratque
1596 1048 1650 1099 et
1683 1042 1973 1114 ingenium
2016 1041 2153 1097 satis
2179 1056 2327 1112 acre,

478 1170 534 1219 et
559 1154 825 1217 orationis
850 1167 960 1208 non
975 1147 1263 1218 inelegans
1285 1144 1444 1214 copia
1471 1158 1486 1213 ;
1529 1146 1904 1213 praetereaque
1927 1139 2047 1196 sine
2065 1155 2332 1211 arrogan-

477 1266 556 1322 tia
591 1259 779 1334 gravis
804 1271 926 1314 esse
967 1251 1280 1319 videbatur,
1333 1251 1389 1302 et
1413 1245 1534 1301 sine
1557 1242 1791 1315 segnitia
1822 1243 2196 1299 verecundus.
2222 1242 2334 1298 Sed

478 1364 626 1419 hunc
656 1370 869 1429 quoque
890 1347 1177 1409 absorbuit
1201 1353 1366 1402 aestus
1382 1342 1610 1416 quidam
1627 1340 1861 1397 insolitae
1885 1340 2335 1397 adolescentibus

481 1462 705 1535 gloriae:
738 1457 835 1529 qui
860 1453 992 1527 quia
1013 1451 1244 1506 navarat
1268 1442 1432 1499 miles
1458 1455 1685 1513 operam
1711 1438 2053 1510 imperatori,
2084 1440 2335 1510 impera-

481 1563 659 1611 torem
696 1566 756 1605 se
805 1546 992 1604 statim
1034 1556 1153 1597 esse
1189 1534 1476 1609 cupiebat3
1517 1530 1606 1589 cui
1642 1531 1859 1586 muneri
1892 1546 2014 1586 mos
2057 1530 2338 1602 majorum

485 1656 703 1708 aetatem
727 1651 958 1714 certam,
984 1644 1192 1696 sortem
1217 1636 1487 1690 incertam
1511 1629 1757 1701 reliquit.
1776 1633 1859 1684 Ita
1871 1628 2207 1701 gravissimo
2235 1643 2336 1683 suo

486 1770 637 1823 casu,
667 1751 799 1806 dum
850 1744 982 1817 Cyri
1008 1749 1063 1799 et
1082 1735 1372 1796 Alexandri
1407 1731 1609 1790 similis
1645 1747 1766 1788 esse
1800 1730 1999 1802 voluit,
2035 1732 2132 1803 qui
2167 1747 2335 1788 suum

487 2026 665 2091 gustes,
690 2033 877 2072 comme
908 2018 1039 2066 avait
1055 2015 1148 2061 fait
1176 2027 1265 2062 son
1287 2011 1417 2074 pere,
1444 2020 1633 2056 comme
1660 2004 1852 2053 avaient
1875 2005 1970 2053 fait
1994 2011 2105 2054 tant
2136 2006 2339 2054 d‘illus-

487 2126 584 2167 tres
601 2114 855 2166 Romains.

553 2210 685 2259 C’est
707 2204 838 2255 aussi
850 2203 908 2256 ,le
927 2201 1140 2262 langage
1162 2209 1255 2258 que
1282 2191 1376 2257 j’ai
1409 2197 1528 2240 tenu
1558 2190 1670 2237 bien
1703 2189 1787 2237 des
1818 2188 1911 2238 fois
1943 2192 1972 2237 a
2006 2190 2064 2238 P.
2107 2191 2337 2254 Crassus,

488 2304 567 2353 fils
588 2302 646 2350 de
668 2300 884 2356 Marcus,
916 2294 1000 2359 qui
1041 2292 1162 2340 dans
1191 2303 1247 2338 sa
1276 2290 1500 2351 jeunesse
1532 2284 1664 2332 avait
1700 2281 1959 2331 recherche
1987 2297 2102 2330 mou
2137 2285 2339 2333 amitie'.

488 2399 550 2449 Je
570 2393 855 2445 l‘exhortais
873 2391 1117 2439 vivement
1139 2387 1170 2433 ὲ
1190 2380 1424 2449 regar-der
1445 2391 1634 2427 comme
1653 2377 1704 2424 la
1722 2381 1864 2424 route
1874 2376 1923 2422 la
1942 2374 2051 2436 plus
2074 2377 2190 2421 sure
2213 2391 2346 2439 pour

491 2490 674 2540 arriver
692 2491 723 2535 ὲ.
743 2487 796 2535 la.
831 2484 1001 2550 gloirc,
1034 2479 1155 2529 celle
1190 2491 1284 2541 que
1317 2489 1390 2523 ses
1420 2473 1639 2521 matres
1673 2469 1751 2517 lui
1781 2468 1971 2518 avaient
1999 2467 2176 2517 laissee
2206 2475 2346 2521 toute

492 2585 669 2646 frayee.
686 2580 730 2629 n
748 2576 880 2627 avait
905 2588 1020 2638 recu
1035 2573 1089 2619 ln
1110 2545 1360 2617 meilleure
1381 2561 1659 2621 education,
1678 2567 1728 2609 ot
1741 2560 1989 2625 possedait
2007 2560 2078 2609 les
2105 2563 2340 2610 connais-

495 2687 662 2722 sances
695 2671 766 2719 les
791 2669 901 2731 plus
927 2662 1177 2713 etendues.
1213 2658 1314 2707 Son
1349 2653 1675 2718 imagination
1696 2653 1816 2701 etait
1846 2667 1980 2701 assez
2016 2652 2143 2711 vive,
2180 2663 2228 2702 et
2254 2671 2344 2708 son

495 2764 622 2827 style
642 2777 704 2809 ne
731 2757 985 2820 manquait
1002 2755 1056 2801 ni
1082 2751 1140 2799 de
1165 2749 1442 2799 richesseni
1464 2749 1509 2794 d’
1512 2730 1771 2810 alegance3
1801 2746 1995 2809 ajoutez
2019 2761 2087 2795 un
2103 2746 2178 2795 air
2194 2764 2346 2813 grave

496 2871 610 2903 sans
630 2854 855 2907 hauteur,
889 2846 1104 2897 modeste
1126 2855 1240 2891 sans
1259 2839 1490 2890 timidite.
1513 2838 1639 2886 Mais
1661 2839 1878 2886 1‘1vresse
1909 2838 1955 2886 d'
1959 2853 2057 2886 une
2088 2840 2242 2904 gloire
2261 2841 2348 2903 qui

498 2943 720 2992 semblait
746 2940 981 2988 devaneer
1002 2937 1073 2985 les
1108 2934 1301 2995 annees,
1341 2931 1605 2980 l’cntraina
1625 2930 1755 2979 aussi
1793 2928 1917 2977 dans
1956 2945 2028 2978 un
2068 2932 2303 2993 precipice
2330 2953 2345 2987 ς

497 3051 640 3100 parce
673 3049 768 3098 que
800 3030 959 3082 soldat
988 3030 1026 3079 il
1050 3028 1182 3077 avait
1202 3026 1319 3075 bien
1351 3024 1481 3073 servi
1512 3039 1607 3074 uon
1634 3024 1853 3088 general,
1886 3022 1928 3071 il
1956 3023 2131 3071 voulut
2155 3023 2351 3074 devenir

498 3133 606 3173 tout
631 3125 662 3171 a
686 3137 808 3185 coup
836 3118 1034 3184 general
1052 3120 1083 3165 a
1105 3129 1193 3164 son
1219 3120 1348 3175 tour,
1373 3112 1596 3161 oubliant
1618 3126 1730 3174 que,
1752 3111 1942 3175 d'apres
1974 3109 2047 3159 les
2065 3109 2160 3160 lois
2183 3109 2242 3158 de
2262 3125 2350 3159 nos

500 3220 735 3273 anem-es,
754 3214 883 3277 l’age
895 3211 954 3258 de
970 3209 1171 3272 briguer
1194 3214 1270 3255 cet
1291 3205 1518 3255 honneur
1545 3210 1618 3252 est
1638 3202 1754 3262 fixe,
1792 3210 1841 3253 et
1860 3203 1911 3251 la
1933 3202 2118 3253 chance
2142 3204 2203 3252 de
2223 3203 2352 3254 l’ob·

501 3309 628 3358 tenir
649 3305 931 3355 incertaine.
956 3300 1106 3351 Aussi
1144 3314 1200 3347 sa
1226 3298 1373 3348 chuta
1398 3296 1478 3345 fut
1501 3295 1797 3360 deplorans,
1819 3302 1886 3358 et,
1919 3310 1979 3344 en
2006 3295 2225 3362 „roulant
2256 3311 2351 3345 res·

504 3399 709 3447 sembler
722 3412 822 3447 aux
852 3396 1010 3461 Cyrus
1035 3400 1082 3444 et
1103 3409 1214 3445 ,aux
1246 3389 1545 3451 Alexandro,
1572 3389 1673 3452 qui,
1712 3404 1775 3437 au
1799 3388 1899 3437 lieu
1938 3388 1995 3436 de
2032 3387 2231 3438 foui-nir
2252 3389 2354 3440 leur
