2592 4084
1127 386 1387 434 Bntmss.
2067 383 2136 439 31
2151 380 2175 439 1

326 516 438 565 quo
457 502 672 564 primum
1128 509 1253 552 cette
1275 503 1497 567 (diction)
1521 504 1720 556 d'abord

325 577 432 617 erat
453 568 525 616 ita
552 582 693 631 pura,
1125 568 1246 617 &tait
1272 571 1316 617 si
1333 585 1466 634 pure,

324 642 383 682 ut
406 633 536 683 nihil
558 632 821 702 liquidius3
1126 649 1220 697 que
1238 635 1346 684 rien
1370 636 1530 697 (n’est)
1557 637 1667 700 plus
1688 638 1912 703 limpide3

322 699 507 749 fluebat
528 700 599 749 ita
622 699 788 757 libere,
1124 701 1218 750 elle
1236 702 1421 752 coulait
1441 704 1483 752 si
1510 704 1780 762 librement,

322 774 381 815 ut
403 781 657 830 nunquam
686 765 1030 817 adhoeresceret
1052 784 1066 828 ς
1125 780 1220 830 que
1237 769 1418 829 jamais
1437 769 1529 818 elle
1549 785 1611 819 ne
1640 771 2047 831 s’embarrsssait3

322 833 515 882 videres
537 833 729 882 nullum
754 834 973 893 verbum,
1126 840 1181 882 tu
1204 835 1421 884 n'aurais
1442 851 1508 884 vu
1529 850 1689 885 aucun
1713 843 1831 894 mot,

320 899 420 948 nisi
455 900 666 963 positum
687 900 815 961 loco,
1124 900 1396 949 si-ce-n'est
1415 902 1512 950 mis
1528 902 1849 967 en-sa-place,

320 972 371 1014 et
397 972 632 1028 tanquam
653 972 893 1015 structum
933 966 1026 1032 [to,
1040 985 1063 1011 ι
1122 972 1172 1015 et
1188 982 1378 1017 comme
1398 967 1629 1017 enchasse

328 1049 352 1074 e
379 1031 434 1080 in
467 1033 754 1082 emblemate
784 1033 1070 1082 vex-micula·
1124 1050 1152 1077 ιι
1179 1032 1304 1082 dans
1325 1049 1393 1082 un
1422 1035 1627 1098 placage
1649 1034 1709 1085 de
1734 1040 2048 1099 mosalque,·»

320 1103 379 1145 ut
400 1097 472 1147 ait
496 1097 731 1148 Lucilius.
1120 1112 1309 1148 comme
1325 1100 1399 1149 dit
1428 1100 1665 1149 Lucilius.

318 1160 423 1213 Nec
443 1178 556 1212 vero
579 1165 735 1215 ullum
1116 1163 1245 1214 Mais
1265 1180 1352 1229 pas
1369 1182 1438 1216 un
1470 1166 1612 1231 (mot)

321 1236 413 1279 aut
435 1229 627 1290 durum,
1119 1245 1185 1279 ou
1207 1230 1318 1289 dur,

317 1295 406 1345 aut
425 1297 657 1356 insolens,
1118 1311 1186 1345 ou
1206 1297 1407 1358 inmite,

314 1368 404 1411 aut
428 1361 634 1421 humile,
1117 1376 1182 1411 ou
1200 1363 1309 1423 bas,

317 1435 405 1477 aut
426 1427 627 1478 ductum
651 1428 877 1492 longius3
1117 1443 1180 1476 ou
1206 1430 1300 1479 tire
1324 1428 1385 1478 de
1409 1430 1681 1494 trop-lein

313 1495 530 1544 acverba
542 1510 705 1543 rerum
724 1510 824 1543 non
838 1494 1056 1558 propria,
1115 1501 1163 1543 et
1178 1495 1251 1543 les
1272 1498 1577 1558 expressions
1590 1509 1653 1545 ne
1674 1497 1825 1561 (sont)
1841 1512 1927 1562 pas
1949 1511 2149 1563 propre!

315 1559 401 1608 sed
426 1561 656 1626 pleraque
674 1560 941 1619 translata3
1114 1561 1242 1610 mais
1264 1562 1317 1610 la
1337 1562 1536 1625 plupart
1556 1562 1789 1627 figurees3

314 1625 388 1675 sic
409 1632 592 1690 tamen,
1115 1626 1473 1676 de-telle-sorte
1503 1628 1733 1682 toutefois

313 1699 372 1740 ut
396 1692 578 1742 diceres
1115 1707 1209 1755 que
1229 1700 1287 1743 tu
1312 1694 1460 1742 diruis

311 1772 370 1805 ea
386 1773 486 1807 non
507 1760 708 1808 irruisse
817 1771 822 1778 ·
1113 1760 1231 1807 elles
1256 1775 1321 1808 ne
1351 1775 1441 1823 pas
1475 1760 1619 1809 s’etre
1640 1761 1838 1825 glissees

313 1823 369 1873 in
393 1825 556 1874 locum
579 1826 811 1885 alienum,
1112 1824 1235 1874 dans
1256 1840 1353 1875 une
1375 1827 1513 1891 place
1531 1829 1802 1892 «inungere,

312 1889 401 1937 sed
423 1892 731 1954 immigrasse
751 1892 805 1939 in
839 1905 1001 1939 suum.
1109 1892 1235 1940 mais
1254 1893 1397 1942 s'etre
1416 1894 1618 1943 etablies
1638 1896 1668 1943 a
1696 1896 1746 1943 la
1772 1896 1893 1943 leur.

312 1953 472 2004 Erant
493 1964 657 2005 autem
683 1957 771 2005 ille
800 1956 993 2006 lumina
1111 1956 1240 2007 Mais
1265 1958 1305 2007 il
1325 1974 1358 2021 y
1376 1961 1508 2009 avait
1529 1975 1607 2010 ces
1630 1969 1907 2010 ornements

313 2028 364 2070 et
386 2022 647 2071 verborum
1110 2031 1160 2073 et
1177 2024 1236 2073 de
1259 2034 1389 2074 mota

314 2094 364 2135 et
385 2087 759 2151 sententiarum,
1113 2096 1162 2139 et
1182 2089 1242 2138 de
1262 2093 1477 2154 penades,

312 2167 424 2215 quo
435 2153 595 2204 Graeci
1112 2171 1207 2219 que
1228 2158 1299 2207 les
1320 2157 1471 2207 Grecs

313 2227 492 2269 vocant
503 2229 750 2286 σχήματα,
1113 2223 1356 2286 appellent
1375 2224 1569 2287 figures,

312 2285 493 2349 quibus
518 2288 678 2336 omnis
701 2287 858 2336 oratio
1113 2288 1234 2338 dont
1255 2295 1365 2339 tout
1387 2291 1434 2338 le
1459 2290 1676 2339 discours

310 2352 724 2417 distinguebatur,
1112 2355 1233 2403 etait
1245 2358 1461 2418 parseme

307 2424 544 2482 tanquam
564 2419 847 2483 insignibus
1112 2435 1302 2470 comme
1331 2421 1390 2469 de
1411 2421 1643 2472 brillants

307 2485 362 2534 in
385 2493 579 2534 ornatu.
1112 2486 1237 2535 dans
1256 2488 1310 2536 la
1325 2502 1517 2551 pai-ure.

306 2551 419 2613 Qua
452 2551 510 2600 de
527 2567 581 2601 re
603 2558 766 2601 autem
790 2551 974 2616 agitur,
1108 2552 1238 2603 Mais
1261 2553 1321 2602 de
1352 2553 1468 2616 quoi
1491 2553 1530 2601 il
1553 2552 1716 2620 s’agit‚

305 2618 435 2666 illud
455 2618 586 2682 quod
606 2618 850 2668 includitu
1109 2633 1165 2667 ce
1190 2621 1274 2683 qui
1295 2629 1369 2668 est
1389 2619 1603 2668 enferme

305 2685 479 2733 multis
499 2685 619 2733 locis
841 2701 854 2716 ²
1107 2699 1169 2734 en
1186 2686 1442 2748 beaucoup
1473 2684 1740 2735 d'endroits

304 2750 361 2798 iu
396 2750 624 2799 formulis
1107 2751 1230 2802 dans
1255 2753 1328 2801 les
1347 2753 1582 2801 fol-mules

302 2816 781 2878 jurisconsultorum,
1106 2816 1194 2868 des
1211 2819 1606 2882 jurisconsultcs,

304 2882 502 2932 videbat
1106 2883 1145 2931 il
1170 2886 1337 2948 voyait

305 2948 391 2996 ubi
417 2949 472 2998 id
494 2956 634 2996 esset.
1106 2952 1173 2999 οἰι
1189 2952 1293 2999 cela
1309 2952 1443 3000 etait.

303 3014 578 3064 Accedebat
1106 3017 1174 3078 (A
1192 3017 1317 3080 cela)
1333 3018 1584 3080 s’ajoutait.

303 3080 426 3130 ordo
449 3095 615 3130 rerum
1104 3096 1201 3130 une
1225 3083 1518 3145 disposition
1539 3083 1622 3131 des
1642 3081 1759 3131 faits

301 3146 474 3209 plenus
508 3148 648 3208 artis,
1104 3148 1264 3213 pleine
1287 3150 1431 3210 d’art,

302 3214 430 3261 actio
453 3214 690 3271 liberalis,
1104 3229 1201 3264 une
1219 3216 1380 3263 action
1397 3215 1560 3272 noble,

303 3293 553 3343 genusque
575 3278 772 3328 dicendi
1104 3288 1154 3328 et
1175 3295 1270 3329 une
1289 3283 1508 3330 maniere
1523 3281 1583 3329 de
1605 3282 1767 3344 parler

302 3351 461 3393 totum
491 3347 734 3408 placidum
1104 3353 1212 3394 tout
1233 3347 1679 3410 pleine-de-calme,

302 3423 351 3459 et
374 3425 566 3459 sanum.
1105 3421 1154 3460 et
1172 3413 1649 3479 pleine-de-sagesse.

371 3476 571 3526 LXXX.
598 3475 742 3537 Quod
761 3476 805 3525 si
828 3474 986 3526 dicere
1172 3478 1374 3528 LXXX.
1406 3480 1512 3541 Qus
1524 3480 1566 3528 si
1590 3478 1750 3543 parler

302 3543 519 3591 suaviter
1104 3548 1389 3610 avec-giaco
