2592 4084
1107 362 1372 416 saurus.
2086 357 2160 417 95

309 478 407 526 fuit
422 481 544 526 miro
562 479 854 526 miserabilis
1105 477 1182 526 fut
1213 480 1527 526 etonnamcnt
1565 480 1808 543 pitoyable

310 552 505 607 propter
515 546 798 592 memoriam
815 552 1052 593 recentem
1106 545 1136 591 ὲ.
1161 560 1307 591 cause
1341 546 1407 592 du
1431 548 1653 594 souvenir
1676 550 1838 595 recent

310 611 572 658 clarissimi
599 611 749 672 patris
768 616 781 666 ξ
1106 609 1164 657 de
1183 626 1264 657 son
1286 611 1422 658 tres-i
1442 611 1539 658 tira
1555 612 1686 660 alors

307 677 450 737 isque
471 677 648 739 eripuit
675 691 724 723 se
749 687 853 723 tum
1105 685 1152 723 et
1175 676 1379 724 celui-ci
1402 678 1549 724 setira
1573 680 1700 726 alors

310 742 514 790 flamma
1106 741 1164 788 de
1188 742 1465 801 l'incendie,

312 808 653 856 misericordia
670 810 834 871 populi
1105 808 1155 854 la
1178 808 1482 870 compassion
1506 807 1571 855 du
1596 810 1767 871 peuple

310 884 557 921 commota
590 885 783 937 propter
819 890 1008 938 pueros,
1104 876 1285 921 excite'e
1308 874 1559 922 en·faveur
1600 876 1680 921 des
1710 874 1916 935 enfauts,

310 940 441 987 sicut
467 940 596 987 idem
622 941 742 988 Cato
1107 940 1348 1002 ainsi—que
1375 941 1423 988 le
1456 945 1609 987 meme
1632 942 1786 989 Caton

311 1020 507 1053 summa
526 1008 833 1055 contentione
1107 1020 1222 1052 avec
1246 1022 1341 1053 nne
1359 1006 1547 1069 grande
1570 1008 1766 1070 energia

311 1072 513 1132 reliquit
530 1073 783 1135 scriptum.
1107 1071 1174 1119 l'a
1207 1073 1351 1119 laisse
1379 1073 1623 1135 par-ecrit.

253 1148 257 1151 ’
306 1138 474 1199 Atque
495 1138 636 1184 video
653 1140 798 1186 etiam
1107 1138 1172 1185 Et
1192 1138 1244 1198 je
1272 1140 1378 1186 vois
1398 1152 1570 1186 encore

309 1202 545 1251 Libonem
564 1206 723 1265 ipsum
1106 1202 1260 1250 Libon
1285 1206 1544 1251 lui-meme

310 1284 414 1320 non
432 1269 579 1317 fuisse
593 1270 853 1329 infantem,
1104 1270 1294 1317 n'avoir
1328 1285 1413 1331 pas
1431 1272 1507 1317 ete
1539 1268 2023 1330 inhabile-amarior,

311 1343 369 1396 ut
401 1342 554 1397 potest
576 1336 791 1397 intelligi
1104 1350 1291 1383 comme
1310 1351 1373 1383 on
1400 1344 1514 1398 peut
1536 1339 1575 1381 lo
1595 1334 1906 1398 comprendre

313 1416 374 1448 ex
394 1402 696 1449 orationibus
714 1401 854 1465 ejus.'
1107 1401 1294 1462 d’apres
1310 1402 1379 1450 les
1403 1401 1621 1448 discours
1648 1400 1706 1447 de
1734 1401 1825 1448 lui.

308 1466 476 1527 Quum
511 1467 740 1514 dixissem
766 1468 889 1525 haec,
1105 1465 1307 1516 Comme
1329 1468 1506 1529 j’avais
1526 1467 1596 1513 dit
1620 1475 1857 1527 css-moes,

310 1534 784 1594 etinterquievissem
796 1534 1047 1596 paullum:
1105 1540 1152 1580 et
1177 1550 1259 1593 que
1275 1534 1326 1594 je
1348 1534 1534 1581 m’etais
1558 1534 1724 1594 repose
1745 1548 1811 1579 un
1836 1548 1925 1594 peu
1946 1552 1959 1581 ι

309 1625 378 1634 -
403 1598 536 1658 Quid
559 1614 718 1647 causae
739 1611 811 1648 est
833 1601 1008 1664 igitur,
1105 1622 1171 1636 --
1190 1599 1362 1659 Quelle
1386 1599 1551 1646 raison
1573 1614 1607 1661 y
1629 1600 1777 1646 a-t·il
1798 1599 1940 1655 donc,

309 1664 473 1727 inquit
495 1666 696 1724 Brutus,
1106 1664 1177 1711 dit
1203 1666 1404 1723 Brutus,

311 1731 355 1778 si
376 1737 515 1778 tanta
537 1731 695 1778 virtus
1104 1731 1146 1777 si
1166 1746 1231 1778 un
1257 1732 1323 1782 tel
1346 1731 1515 1780 me'rite

309 1796 406 1844 fuit
431 1798 486 1843 in
521 1803 709 1844 oratore
742 1797 916 1856 Galba,
1106 1812 1136 1844 a
1159 1798 1311 1844 existe
1335 1797 1457 1845 dans
1486 1799 1717 1847 l'orateur
1750 1796 1924 1849 Galba.

308 1877 400 1911 cur
420 1877 480 1909 ea
502 1871 730 1924 appareat
753 1864 892 1911 nulla
1106 1877 1228 1924 pour
1249 1864 1369 1925 qu’il
1393 1865 1721 1927 n’apparaisse
1746 1863 2014 1911 nullement

308 1930 362 1977 in
385 1928 690 1977 orationibus
712 1927 848 1990 ejus?
1107 1928 1229 1976 dans
1253 1931 1323 1977 les
1356 1929 1575 1978 discours
1599 1930 1657 1977 de
1682 1927 1796 1978 lui?

309 1994 443 2057 quod
471 2009 570 2041 uon
594 2008 789 2054 possum
812 1995 981 2042 mirari
1107 1993 1164 2039 de
1186 1996 1302 2056 quoi
1321 1995 1371 2056 je
1393 2011 1454 2044 ne
1473 1997 1583 2059 puis
1604 1999 1706 2044 etro
1734 1995 1919 2058 surpris

306 2061 363 2109 in
393 2061 457 2106 iis
1107 2059 1222 2107 chez
1243 2075 1365 2108 ceux

306 2126 397 2189 qui
419 2127 720 2188 reliquerunt
1106 2127 1188 2187 qui
1212 2128 1350 2174 n'ont
1378 2128 1520 2176 laisse

307 2192 440 2240 nihil
462 2193 664 2240 omnino
691 2191 875 2253 scripti.
1105 2193 1206 2239 rien
1233 2192 1300 2239 du
1320 2200 1426 2240 tout
1442 2194 1624 2242 d'ecrit.

379 2257 566 2307 XXIV.
594 2258 657 2306 Et
677 2259 803 2305 enim
1171 2258 1365 2307 XXIV.
1403 2259 1465 2307 Et
1492 2276 1550 2308 en
1586 2259 1696 2308 effet

307 2338 460 2373 causa
482 2340 581 2372 non
606 2332 677 2373 est
707 2325 891 2376 eadem,
1106 2322 1157 2370 la
1177 2325 1339 2373 raison
1366 2327 1486 2372 n'est
1515 2341 1602 2389 pas
1632 2328 1685 2373 la
1707 2327 1877 2380 meme,

309 2392 531 2451 inquam,
568 2391 738 2448 Brute,
1109 2389 1278 2451 dis-je,
1306 2390 1508 2450 Brutus,

310 2471 413 2503 non
441 2456 705 2509 scribendi,
1107 2470 1230 2517 pour
1252 2471 1314 2503 ne
1349 2472 1435 2519 pas
1462 2458 1631 2514 ecrire‚

311 2528 364 2569 et
382 2537 480 2569 non
504 2521 753 2570 scribendi
785 2528 886 2570 tam
909 2521 1049 2577 bene,
1108 2529 1156 2569 et
1180 2537 1301 2583 pour
1324 2538 1385 2569 ne
1410 2538 1493 2585 pas
1515 2523 1666 2570 ecrite
1688 2522 1819 2569 aussi
1843 2520 1972 2574 bien,

312 2601 462 2647 quarn
486 2588 718 2635 dixerint.
1108 2601 1201 2647 que
1223 2588 1324 2635 l’on
1345 2603 1375 2636 a
1399 2590 1550 2650 pai-le.

311 2652 440 2701 Nam
463 2654 684 2701 videmus
699 2652 821 2701 alios
841 2660 1054 2702 oratores
1109 2651 1207 2701 Car
1227 2669 1351 2701 nous
1374 2669 1558 2717 voyons
1588 2653 1657 2702 les
1687 2667 1781 2699 uns
1809 2659 2027 2699 orateurs

311 2720 560 2782 scripsisse
578 2719 705 2768 nihil
724 2720 918 2777 inertia,
1107 2716 1296 2768 n’avoir
1320 2722 1443 2768 ecrit
1473 2721 1579 2767 rien
1602 2734 1690 2781 par
1712 2732 1918 2781 paressc,

311 2799 376 2832 ne
408 2786 547 2833 labor
577 2786 868 2833 domesticus
908 2784 1052 2833 etiam
1109 2784 1168 2832 de
1191 2801 1311 2848 peur
1332 2801 1423 2848 que
1441 2787 1488 2833 le
1516 2783 1692 2833 travail
1717 2784 1782 2832 du
1812 2784 2005 2833 cabinet
2027 2783 2157 2833 aussi

311 2852 557 2899 accederet
579 2852 642 2899 ad
661 2851 923 2908 forensem3
1107 2851 1339 2912 s'ajoutsst
1369 2868 1433 2900 au
1456 2857 1619 2899 travail
1649 2851 1716 2897 du
1739 2852 1971 2908 barreau3

312 2916 558 2980 pleneque
586 2917 718 2965 enim
746 2918 990 2965 orationes
1108 2930 1192 2965 car
1217 2919 1267 2965 la
1287 2919 1484 2980 plupart
1506 2916 1587 2966 des
1611 2917 1829 2965 discours

311 2982 598 3031 scribuntur
619 2983 724 3047 jam
758 2983 960 3042 habitae,
1108 2984 1367 3031 s’ecrivent
1390 2985 1499 3046 deja
1521 2984 1802 3047 prononoes‚

311 3063 415 3096 non
439 3058 494 3096 ut
512 3048 814 3108 habeantur;
1109 3056 1148 3096 et
1169 3064 1266 3096 non
1303 3066 1426 3113 pour
1459 3051 1604 3112 qu’ils
1626 3050 1783 3097 soient
1803 3052 2089 3113 prononce's3

311 3114 436 3162 alios
456 3131 551 3162 non
571 3116 794 3164 laborare
1111 3114 1323 3163 d'autres
1346 3132 1406 3163 ne
1429 3131 1515 3178 pas
1536 3115 1799 3177 travailler,

312 3188 370 3229 ut
388 3180 512 3228 fiant
534 3182 785 3240 meliores3
1111 3196 1234 3243 pour
1260 3183 1408 3244 qu'ils
1433 3182 1721 3230 deviennent
1740 3182 2022 3245 meilleurs;

310 3246 455 3295 nulla
473 3248 603 3295 enim
628 3263 705 3295 res
1109 3260 1193 3294 car
1224 3262 1412 3295 aucune
1436 3249 1581 3296 chose

311 3311 506 3375 proficit
538 3321 726 3362 tantum
1109 3327 1170 3360 ne
1192 3322 1290 3362 sert
1314 3321 1485 3362 autaut

313 3378 383 3426 ad
416 3379 673 3427 dicendum
1106 3394 1228 3441 pour
1249 3382 1409 3441 parler

314 3452 553 3508 quantum
583 3446 780 3506 scriptio
803 3463 815 3502 ;
1109 3459 1203 3506 que
1233 3443 1762 3505 l'habitude-d'ecr1m3

315 3526 420 3559 non
447 3518 606 3560 autem
630 3512 903 3561 desiderant
1108 3511 1233 3559 mais
1246 3511 1310 3560 ils
1332 3526 1394 3561 ne
1417 3510 1629 3558 desirent
1651 3526 1737 3573 pas
