2592 4084
341 474 492 522 fuisse
520 476 819 538 temporibus
852 472 986 524 illis?

340 542 436 588 nisi
467 542 589 589 libet

341 608 583 667 suspicari
619 606 848 669 (ali)quid

340 673 399 720 de
425 672 783 736 Epaminonda,

338 738 540 787 homine
571 738 729 787 docto.

339 803 473 853 Vero
496 805 662 853 audivi

338 872 582 918 neminem
602 870 750 919 fuisse

336 935 760 986 Lacedaemonium

336 1017 491 1064 usque
512 1003 574 1049 ad
601 1003 694 1051 hoc
712 1010 923 1063 tempus,

336 1067 578 1116 Home-rus
609 1069 758 1117 tradit

334 1134 610 1182 Menelaum
640 1137 797 1198 ipsum

278 1190 289 1248 Ϊ
337 1200 529 1248 dulcem
559 1201 701 1249 illum
728 1199 943 1264 quidem,

336 1265 422 1313 sed
448 1266 685 1315 dicentem
703 1281 877 1331 pauca.

333 1331 553 1380 Brevitas
576 1343 738 1382 autem
757 1334 868 1384 laus
891 1344 963 1384 est
1015 1345 1017 1348 ⁴

332 1396 578 1446 interdum

333 1462 386 1511 iu
417 1465 586 1523 aliqua
615 1472 749 1528 parte
783 1466 994 1525 dicendi,

332 1544 435 1577 non
460 1530 607 1577 habet
630 1532 824 1580 laudem

330 1595 384 1642 in
417 1596 693 1657 eloquentia
726 1599 970 1647 universa.

398 1663 464 1708 At
493 1677 605 1710 vero
625 1671 765 1712 extra
797 1663 1036 1714 Granium

329 1727 493 1774 studia
514 1742 695 1791 magna
726 1729 916 1780 dicendi

328 1792 545 1846 fuerunt,

328 1859 630 1920 maximique
648 1860 854 1910 honores

328 1924 508 1972 redditi
534 1924 648 1973 huic
669 1926 803 1976 laudi

326 1989 649 2038 reddiderunt
679 1992 870 2041 illustre

326 2070 507 2103 nomen
536 2063 801 2105 oratorum.

323 2121 456 2169 Nam
482 2128 537 2168 ut
558 2124 706 2170 semel

325 2188 604 2246 eloquentia
621 2195 782 2237 evecta
800 2196 872 2238 est

324 2267 349 2299 e
373 2253 535 2300 Piraeo

325 2319 602 2381 peragravit
633 2334 800 2369 omues
827 2321 1029 2381 insulas,

326 2394 472 2448 atque
495 2387 806 2449 peregrinata
827 2395 903 2437 est
919 2388 991 2438 ita

325 2456 431 2499 tota
458 2451 593 2510 Asia,

324 2522 383 2564 ut
415 2532 464 2565 se
492 2518 728 2567 oblineret

320 2584 541 2631 moribus
563 2584 791 2642 externis,

322 2649 632 2713 perderetque

322 2728 515 2763 omnem
544 2716 680 2763 illam
708 2716 1043 2767 salubritatem

322 2780 550 2829 dictionis
570 2782 765 2840 Atticae,

321 2848 461 2908 quasi
483 2848 756 2903 sanitatem,

320 2925 378 2960 ac
401 2911 664 2962 dedisceret
687 2929 826 2977 paeue

317 2977 470 3040 loqui.

316 3043 448 3093 Hinc
483 3052 699 3095 oratores
739 3044 960 3103 Asiatici,

315 3124 416 3158 non
436 3111 781 3160 contemnendi
803 3110 999 3174 quidem

316 3190 406 3224 nec
432 3177 692 3236 celeritate,

317 3256 406 3290 nec
423 3245 580 3305 copia,

314 3307 400 3357 sed
421 3323 595 3371 parum
625 3309 778 3372 pressi

313 3380 363 3420 et
384 3375 533 3423 nimis
562 3375 906 3425 redundantes.

311 3438 493 3489 Rhodii
514 3441 748 3500 saniores,

313 3511 363 3554 et
388 3505 647 3558 similiores
667 3507 960 3558 Atticorum.

1140 364 1410 410 BRUTUS.

1137 477 1273 524 avoir
1289 476 1441 522 existe
1461 490 1520 523 eu
1554 489 1607 524 ce
1629 477 1892 540 temps-la?

1137 542 1169 588 a
1194 543 1351 589 moins
1377 541 1523 603 qu’on
1551 557 1610 590 ue
1636 545 1812 592 veuille

1138 621 1370 670 supposer
1393 608 1598 670 quelque
1631 608 1775 659 chose

1138 687 1224 720 sur
1247 673 1625 734 Epaminondas,

1137 738 1333 787 homme
1349 739 1566 789 instruit.

1133 803 1260 852 Mais
1280 804 1370 867 j’ai
1394 805 1732 855 entendu·dire

1133 885 1371 931 personne
1394 871 1584 920 n’avoir
1604 873 1677 919 ete
1699 872 1928 936 (orateur)

1134 936 1194 984 de
1214 936 1538 986 Lacedemoue

1129 1001 1331 1066 jusqu’a
1349 1017 1402 1050 ce
1420 1003 1555 1064 jour.

1133 1067 1344 1116 Homero
1367 1075 1591 1131 rapporte

1134 1133 1345 1183 Menelas
1374 1134 1630 1183 lui-meme

1132 1201 1357 1262 agreable
1380 1201 1452 1249 lui
1472 1209 1643 1259 certes,

1131 1267 1254 1315 mais
1276 1267 1437 1315 disant
1471 1282 1563 1330 peu
1586 1267 1645 1315 de
1671 1265 1832 1315 chose.

1131 1330 1217 1391 Or,
1243 1334 1293 1381 la
1315 1333 1525 1382 brievete
1542 1341 1616 1382 est
1637 1348 1707 1381 un
1725 1334 1894 1381 merite

1129 1398 1428 1462 quelquefois

1128 1463 1249 1513 dans
1276 1465 1485 1527 quelque
1507 1465 1660 1528 partie
1685 1464 1804 1515 d'un
1838 1464 2081 1528 discours,

1127 1530 1218 1578 elle
1242 1532 1324 1578 n’a
1348 1546 1433 1592 pas
1459 1531 1518 1578 de
1551 1531 1720 1579 merite

1126 1594 1248 1643 dans
1271 1597 1565 1658 l’eloquence
1580 1598 1884 1659 en-ge'neral.

1192 1661 1318 1710 Mais
1336 1663 1574 1710 en·verite
1606 1662 1720 1711 hors
1746 1664 1804 1711 de
1836 1666 1886 1712 la
1909 1661 2075 1721 ere,

1123 1742 1190 1773 un
1215 1732 1335 1790 gout
1349 1728 1426 1775 vif
1441 1744 1562 1790 pour
1579 1728 1871 1792 l’eloquence

1122 1794 1294 1854 exista,

1121 1865 1170 1906 et
1194 1859 1264 1907 les
1285 1859 1594 1923 tres-grands
1613 1859 1859 1909 honneurs
1880 1873 1884 1877 ’

1121 1925 1297 1973 reudus
1316 1927 1346 1973 a
1363 1941 1416 1974 ce
1435 1926 1588 1973 talent

1123 1997 1210 2038 ont
1232 1992 1386 2039 rendu
1411 1991 1605 2039 illustre

1122 2055 1168 2102 le
1185 2071 1301 2103 nom
1326 2057 1413 2105 des
1445 2068 1678 2105 orateurs.

1122 2121 1219 2171 Car
1252 2123 1335 2171 des
1361 2138 1453 2185 que
1476 2138 1570 2171 une
1591 2125 1683 2171 fois

1120 2186 1417 2251 l'eloquence
1442 2189 1518 2237 fut
1545 2190 1693 2238 sortie

1122 2252 1187 2300 du
1212 2254 1365 2314 Piree,

1120 2320 1213 2367 elle
1240 2328 1501 2383 parcourut
1523 2327 1682 2369 tontes
1704 2320 1775 2368 les
1797 2320 1905 2379 iles,

1118 2392 1166 2433 et
1188 2401 1406 2450 voyagea
1428 2387 1557 2434 ainsi

1116 2450 1237 2500 dans
1256 2461 1389 2500 toute
1411 2453 1564 2501 l’Asie

1115 2531 1175 2565 en
1203 2526 1332 2567 sorte
1350 2520 1525 2581 qu’elle
1542 2533 1593 2566 se
1621 2518 1734 2566 salit

1113 2583 1196 2645 (au
1219 2588 1431 2646 contact)
1454 2584 1536 2631 des
1564 2599 1747 2633 moeurs
1769 2585 2063 2648 etrang'eres,

1081 2645 1084 2648 ’
1113 2656 1160 2696 et
1193 2651 1353 2712 perdit

1113 2720 1245 2763 toute
1264 2724 1389 2764 cette
1414 2717 1583 2779 purete

1114 2780 1173 2829 de
1192 2783 1242 2828 la
1265 2783 1447 2832 diction
1469 2783 1688 2844 Attique,

1111 2855 1154 2893 et
1173 2861 1359 2897 comme
1377 2849 1422 2896 le
1439 2848 1699 2910 bon-gout,

1110 2920 1157 2960 et
1179 2912 1422 2978 desapprit
1443 2929 1646 2979 presque

1109 2979 1139 3025 a
1152 2980 1326 3043 parler.

1107 3043 1260 3093 De-la
1282 3046 1353 3095 les
1372 3053 1590 3096 oratenrs
1607 3044 1900 3105 Asiatiquss,

1106 3125 1207 3158 non
1225 3112 1535 3176 meprisables
1562 3121 1713 3161 certes

1106 3177 1158 3224 ni
1180 3192 1269 3241 par
1290 3179 1343 3225 la
1364 3178 1585 3241 rapidite,

1105 3243 1160 3290 ni
1191 3259 1280 3306 par
1304 3244 1638 3301 l’abondance,

1104 3311 1229 3358 mais
1252 3325 1346 3373 pen
1364 3312 1515 3359 serres

1104 3383 1153 3423 et
1178 3383 1288 3440 trop
1316 3376 1625 3426 redondants.

1103 3441 1194 3491 Les
1223 3440 1465 3491 Rhodiens
1484 3451 1582 3490 sont
1610 3442 1721 3506 plus
1743 3456 1877 3504 pure,

1103 3515 1150 3557 et
1171 3508 1591 3571 plus-semblables
1612 3523 1712 3556 aux
1731 3509 1970 3568 Attiques-
2051 3538 2056 3541 -

2120 358 2187 415 51
