2592 4084
447 388 562 444 322
1234 396 1498 443 BRUTUS.

444 527 670 568 cursum
703 517 1165 584 transcurrerent,
1195 518 1251 568 et
1280 515 1342 568 L.
1373 512 1576 583 Crassi,
1634 517 1690 567 et
1733 511 2033 569 multorum
2064 514 2293 570 Crasso-

442 629 567 669 rum
584 614 844 672 inventus
872 620 957 670 est
984 613 1410 671 dissimillimus».

509 715 762 774 LXXXII.
786 714 894 772 Sed
917 716 990 772 ad
1016 714 1247 775 Calvum
1265 716 1337 786 (is
1360 715 1507 772 enim
1525 715 1685 772 nobis
1707 720 1826 773 erat
1844 716 2190 788 propositus)
2213 732 2297 772 re-

441 822 755 873 vertamur:
787 816 884 889 qui
912 821 1101 873 orator
1117 816 1318 873 fuisset
1367 833 1537 890 quum
1578 816 1777 873 litteris
1803 817 2095 887 eruditior,
2128 832 2295 887 quam

443 917 632 984 Cur10‚
657 925 776 974 tum
799 918 966 976 etiam
1003 918 1318 977 accuratius
1343 918 1622 991 quoddam
1641 919 1859 975 dicendi
1886 925 1942 975 et
1970 918 2297 991 exquisitius

447 1018 709 1076 afferebat
725 1035 934 1090 genus:
968 1020 1116 1092 quod
1129 1035 1451 1092 quanquam
1476 1021 1713 1076 scienter
1735 1020 2127 1092 eleganterque
2157 1024 2298 1074 trac-

444 1123 615 1194 tabat,
646 1123 880 1178 nimium
902 1128 1088 1179 tamen
1115 1122 1402 1195 inquirens
1427 1123 1485 1178 iu
1507 1139 1589 1195 se,
1613 1128 1777 1195 atque
1807 1122 1925 1194 ipse
1948 1138 2076 1178 sese
2103 1121 2296 1177 obser-

447 1237 600 1294 vans»,
631 1228 993 1297 metuensque
1015 1241 1085 1280 ne
1122 1224 1386 1281 vitiosum
1414 1223 1723 1295 colligeret,
1753 1223 1922 1279 etiam
1949 1239 2149 1280 verum
2173 1238 2295 1277 san·

446 1323 676 1393 guinem
730 1324 1086 1397 deperdebat.
1141 1327 1333 1399 Itaque
1380 1327 1502 1396 ejus
1544 1324 1739 1397 oratio,
1794 1324 1964 1382 nimia
2018 1323 2292 1394 religione

449 1429 747 1497 attenuata,
779 1426 955 1482 doctis
981 1432 1037 1484 et
1060 1432 1264 1484 attente
1293 1425 1643 1482 audientibus
1667 1433 1787 1482 erat
1813 1424 2042 1479 illustris
2061 1442 2076 1494 3
2094 1439 2127 1478 a
2148 1424 2297 1479 mul-

448 1526 681 1583 titudine
700 1532 907 1597 autem,
921 1534 975 1584 et
996 1544 1030 1584 a
1042 1528 1185 1591 foro,
1202 1525 1291 1583 cui
1304 1534 1434 1583 nata
1451 1526 1767 1599 eloquentia
1781 1532 1886 1595 est,
1903 1525 2294 1580 devorabatur.

449 1659 520 1668 —
541 1631 680 1682 Tum
703 1631 924 1694 Brutus„
954 1629 1190 1685 Atticum
1218 1644 1300 1698 se,
1321 1627 1520 1699 inquit,
1550 1626 1748 1683 calvus
1776 1631 1965 1681 noster
1978 1624 2088 1679 dici
2114 1631 2305 1680 orato-

450 1746 570 1785 rem
596 1728 813 1786 volebat
836 1746 851 1800 3
875 1728 1003 1786 inde
1042 1735 1161 1785 erat
1183 1728 1289 1785 ista
1318 1727 1531 1784 exilitas
1548 1771 1562 1799 ,
1593 1743 1758 1799 quam
1796 1726 1894 1782 ille
1923 1726 1993 1782 de
2015 1726 2298 1781 industria

452 1829 911 1902 consequebatur.
934 1862 1005 1871 —
1028 1830 1533 1903 Dicebat‚inquam,
1552 1831 1627 1885 ita
1648 1848 1663 1900 ;
1688 1828 1788 1885 secl
1814 1834 1869 1884 et
1893 1828 2013 1900 ipse
2040 1827 2263 1883 errabat
2280 1870 2294 1896 ,

454 1936 510 1987 et
532 1931 672 1986 alios
695 1932 863 1988 etiam
873 1948 1062 1988 errare
1077 1932 1326 2004 cogebat.
1353 1936 1490 1991 Nam
1508 1932 1555 1987 si
1574 1931 1699 2003 quis
1718 1946 1834 1997 eoo,
1860 1930 1955 2002 qui
1982 1945 2087 1985 neo
2113 1930 2302 2000 inepte

453 2192 678 2253 carriere,
712 2191 763 2239 la
794 2190 1095 2239 franchirent
1116 2189 1234 2240 d’un
1260 2198 1390 2251 saut,
1433 2191 1472 2240 il
1497 2198 1625 2239 resta
1653 2191 1764 2239 bien
1791 2191 1894 2239 loin
1929 2190 1986 2238 de
2010 2192 2066 2239 L.
2103 2191 2310 2240 Crassus

456 2287 573 2335 etde
594 2289 843 2351 beaucoup
867 2287 1078 2337 d’autres
1105 2288 1288 2352 grands
1310 2288 1531 2336 hommes
1555 2288 1681 2336 dela
1703 2290 1859 2335 meme
1885 2287 2084 2334 familie.

521 2384 770 2433 LXXXII.
807 2385 933 2434 Mais
968 2400 1201 2434 revenons
1233 2387 1264 2431 ὲ.
1300 2385 1512 2435 Calvus:
1546 2399 1630 2432 oar
1659 2385 1775 2433 c’est
1807 2384 1865 2433 de
1892 2384 1961 2432 lui
1994 2385 2113 2445 qu’il
2140 2384 2312 2433 devait

457 2486 557 2532 etro
599 2485 838 2546 question.
875 2484 963 2533 Cet
996 2492 1208 2544 orateur,
1242 2484 1352 2546 plus
1374 2484 1508 2531 verse
1533 2496 1626 2545 quo
1645 2482 1826 2531 Curion
1860 2481 1979 2529 daus
1998 2482 2052 2528 la
2072 2483 2313 2531 connais-

459 2597 601 2630 sance
626 2581 709 2630 dos
736 2583 923 2643 lettreS,
949 2583 1079 2630 avait
1098 2582 1231 2629 aussi
1261 2596 1331 2630 un
1366 2580 1490 2643 style
1513 2579 1623 2643 plus
1643 2577 1729 2627 fini
1757 2586 1806 2628 et
1827 2580 1939 2642 plus
1970 2578 2136 2628 etudie
2163 2597 2176 2625 ε
2200 2581 2242 2630 il
2263 2581 2312 2629 le

460 2674 680 2730 maniait,
708 2688 822 2722 sans
846 2673 1004 2734 doute,
1042 2687 1156 2720 aveo
1176 2673 1427 2734 beaucoup
1450 2671 1508 2720 de
1541 2671 1696 2721 talent
1716 2669 1835 2720 etde
1853 2673 2005 2736 gout3
2038 2671 2310 2735 oependant

460 2769 489 2813 ὲ
512 2768 641 2816 force
669 2766 727 2815 de
762 2768 1025 2816 s’observer
1049 2774 1097 2816 et
1123 2767 1367 2815 d’exercer
1398 2782 1483 2815 sur
1505 2745 1768 2816 lui-meme
1790 2781 1886 2816 une
1908 2767 2116 2830 critique
2138 2768 2310 2815 minu-

460 2866 630 2922 tieuse‚
671 2877 734 2912 en
768 2864 952 2911 evitant
987 2861 1226 2920 l’enflure,
1267 2863 1308 2910 il
1341 2862 1530 2925 perdait
1553 2864 1789 2928 jusqu’au
1827 2864 2065 2913 verimble
2102 2865 2311 2912 embon-

463 2961 615 3024 point.
641 2959 790 3009 Aussi
822 2974 875 3009 ce
908 2960 1054 3024 style,
1086 2960 1293 3023 amaigri
1315 2975 1403 3022 par
1421 2974 1520 3008 une
1539 2961 1807 3010 correction
1832 2969 1941 3024 trop
1967 2960 2306 3022 scrupuleuse,

461 3056 661 3120 pouvait
689 3057 890 3106 eclairer
934 3056 1017 3105 des
1063 3064 1257 3105 savants
1300 3063 1349 3106 et
1393 3057 1476 3106 des
1506 3057 1758 3108 auditeurs
1800 3056 2054 3115 attentif83
2098 3058 2224 3105 mais
2267 3058 2314 3104 le

463 3153 635 3217 peuple
657 3160 705 3201 et
734 3153 779 3201 le
806 3154 1033 3211 barrem,
1070 3167 1193 3217 pour
1218 3154 1301 3216 qui
1337 3153 1634 3216 l‘eloqueuce
1654 3161 1727 3202 est
1750 3154 1883 3212 faite,
1918 3154 2032 3200 n’en
2054 3151 2316 3217 gardaient

464 3250 603 3312 point
624 3249 952 3312 l’impressiou
972 3249 1198 3314 fugitive.
1211 3276 1278 3286 —
1296 3250 1449 3299 Notro
1469 3252 1569 3299 ami
1593 3250 1773 3299 Calvus
1794 3249 1983 3298 voulait
2004 3263 2168 3311 passer
2190 3264 2316 3311 pour

465 3361 536 3393 un
563 3353 756 3393 orateur
795 3346 997 3408 attiqne,
1026 3345 1098 3393 dit
1119 3346 1248 3394 alors
1272 3347 1472 3394 Brutus.
1499 3346 1575 3394 De
1593 3347 1644 3393 la
1663 3353 1790 3394 cette
1813 3347 2026 3393 extreme
2053 3344 2319 3407 simplicite

470 3442 590 3504 qu’il
624 3440 924 3491 recherchait
955 3444 987 3491 ὲ
1018 3442 1219 3492 dessein.
1253 3473 1318 3483 -
1350 3442 1395 3492 11
1425 3444 1471 3490 Ie
1499 3442 1662 3501 disait,
1687 3442 2018 3506 rependis-je3
2046 3443 2172 3490 mais
2200 3442 2238 3489 il
2269 3458 2318 3489 se

470 3532 700 3601 trompait
736 3550 784 3589 et
820 3541 857 3589 il
897 3541 1129 3604 trompait
1167 3541 1237 3589 les
1271 3547 1456 3589 autres.
1486 3539 1536 3588 Si
1573 3540 1675 3598 ΡΨ
1700 3540 1888 3602 appelle
1910 3541 2113 3602 unique,
2142 3555 2197 3587 ee
2235 3540 2319 3602 qui
