2592 4084
401 329 476 384 22
1187 341 1446 389 BRUTUS.

398 454 545 516 velle
570 455 725 513 dixit.
772 459 965 527 Itaque
992 454 1140 512 hunc
1177 455 1448 529 elegimus
1475 457 1646 530 diem,
1679 477 1850 531 quum
1881 465 1936 515 te
1971 460 2242 516 sciremus

402 565 525 605 esse
552 563 808 605 vacuum.
848 549 1048 616 Quare,
1087 549 1137 604 si
1171 548 1270 604 tibi
1301 555 1385 606 est
1414 553 1783 622 commodum,
1819 552 1922 609 ede
1959 552 2078 622 illa,
2115 569 2241 624 quae

404 657 667 713 coeperas,
698 646 755 697 et
781 643 968 711 Bruto,
989 646 1045 697 et
1060 642 1217 697 mihi.
1237 673 1310 684 —
1331 648 1446 716 Ego
1470 660 1624 715 vero,
1648 644 1893 717 inquam,
1920 648 1967 700 si
1983 653 2236 716 potuero,

400 732 603 791 faciam
623 731 778 789 vobis
803 732 957 789 satis.
982 763 1051 775 —
1081 735 1317 804 PoteriS,
1345 735 1557 808 inquit;
1582 736 1772 793 relaxa
1798 736 1961 792 modo
1991 736 2243 808 paullum
2291 760 2298 768 ·

403 825 671 894 animum,
708 831 806 882 aut
839 842 991 896 sane,
1028 825 1077 881 si
1109 832 1289 898 poteS,
1332 826 1525 883 libera.
1557 859 1629 869 —
1656 832 1865 899 Nempe
1902 829 2075 899 igitur
2112 827 2244 884 hinc

399 923 542 986 tum,
587 919 874 991 Pomponi,
913 921 1110 976 ductus
1145 925 1230 976 est
1263 936 1469 991 sermo,
1509 922 1655 993 quod
1682 929 1803 979 erat
1840 938 1875 979 a
1902 938 1992 978 me
2032 922 2243 979 mentio

401 1009 568 1080 facta,
598 1025 820 1067 causam
842 1010 1104 1081 Deiotari,
1131 1011 1439 1067 fidelissimi
1464 1018 1629 1085 atque
1656 1013 1849 1086 optimi
1874 1013 2043 1084 regie,
2075 1028 2245 1071 orua-
2282 1010 2290 1039 ²

401 1099 701 1177 tissimept
726 1100 1103 1172 copiosissime
1130 1115 1166 1156 a
1193 1102 1362 1156 Bruto
1390 1118 1478 1157 me
1504 1102 1725 1158 audisse
1758 1102 2062 1157 defensam.
2291 1096 2296 1103 ’

474 1193 562 1247 VI.
590 1223 658 1233 —
684 1193 828 1260 Scio,
858 1193 1054 1266 inqui-t,
1088 1194 1156 1252 ab
1175 1195 1280 1251 isto
1310 1195 1465 1251 initio
1494 1201 1733 1251 tractum
1760 1210 1881 1252 esse
1910 1210 2245 1264 sermonem,

403 1290 569 1358 teque
616 1286 772 1341 Bruti
810 1287 1089 1344 dolentem
1134 1288 1335 1356 vicem,
1387 1289 1545 1361 quasi
1588 1288 1873 1345 deflevisse
1909 1287 2247 1354 judiciorum

403 1376 719 1434 vastitatem
746 1384 801 1433 et
835 1378 961 1434 fori.
988 1410 1060 1421 —
1084 1380 1231 1450 Feci,
1269 1380 1519 1453 inquam,
1553 1380 1696 1436 istuc
1733 1380 1976 1453 quidem,
2011 1386 2072 1435 et
2096 1395 2245 1450 saepe

405 1469 565 1525 facio.
609 1472 749 1525 Nam
786 1472 943 1543 mihi,
980 1475 1169 1545 Brute,
1214 1474 1273 1529 in
1314 1481 1368 1530 te
1406 1472 1661 1545 intuenti,
1699 1473 1889 1530 crebro
1914 1474 1971 1528 in
2005 1478 2247 1528 mentem

408 1561 561 1617 venit
585 1561 789 1633 vereri,
817 1565 1158 1636 ecquodnam
1186 1567 1521 1625 curriculum
1551 1566 1846 1639 aliquando
1878 1566 1953 1620 sit
1989 1565 2250 1622 habitura

407 1658 507 1709 tua
528 1659 584 1709 et
608 1661 803 1710 natura
826 1655 1188 1730 admirabiliS,
1210 1663 1266 1715 et
1293 1659 1565 1731 exquisita
1584 1656 1854 1724 doctriua,
1873 1661 1930 1711 et
1954 1656 2250 1727 singularis

405 1747 699 1805 industria.
729 1750 908 1816 Quum
942 1749 1089 1806 ehim
1127 1751 1186 1806 in
1219 1752 1473 1808 maximis
1500 1750 1682 1807 causis
1706 1756 1961 1806 versatus
1990 1765 2164 1820 essee,
2191 1755 2252 1805 et

410 1855 579 1913 quum
608 1841 710 1898 tibi
744 1848 878 1899 aetas
903 1850 1088 1901 nostra
1116 1834 1521 1922 jamcederet,
1541 1843 1827 1915 fascesque
1859 1842 2250 1913 summitteret,

411 2050 661 2100 euteudre.
685 2051 823 2101 Nouo
845 2067 994 2101 avone
1017 2051 1173 2100 choiei
1193 2059 1318 2100 cette
1340 2052 1541 2115 Journee
1564 2053 1629 2099 oin
1658 2066 1782 2098 noue
1806 2064 1981 2097 savona
2010 2064 2103 2111 que
2130 2064 2254 2097 voue

411 2135 513 2181 &tes
539 2133 597 2182 de
627 2133 784 2183 loieir.
818 2135 1224 2198 Reprenez-donc,
1260 2136 1343 2182 s'il
1361 2151 1481 2184 vous
1506 2135 1644 2198 plait,
1682 2149 1806 2197 pou-r
1842 2134 2021 2181 Brutus
2052 2140 2100 2180 et
2126 2148 2251 2194 pour

412 2213 532 2273 moi,
566 2217 613 2264 le
648 2216 795 2265 detail
828 2232 922 2280 que
954 2233 1073 2266 vous
1095 2218 1229 2267 aviez
1253 2218 1571 2267 commence..
1591 2244 1656 2255 —
1674 2217 1737 2266 Je
1769 2231 1890 2286 vous
1921 2216 2179 2272 satisferai,
2208 2217 2254 2264 ei

411 2297 464 2362 je
491 2300 538 2347 le
561 2301 687 2363 puis,
717 2300 1039 2365 repondit-je.
1058 2328 1122 2338 —
1140 2300 1280 2350 Voue
1303 2302 1350 2349 le
1372 2292 1570 2364 pou'vez,
1598 2300 1672 2348 dit
1693 2299 1906 2353 Atticus,
1938 2298 2115 2346 rendez
2146 2314 2255 2346 eeu-

414 2382 598 2431 lement
624 2386 655 2431 ὲ
684 2391 819 2434 votre
850 2385 1001 2447 esprit
1025 2400 1092 2432 uu
1122 2400 1214 2448 peu
1243 2384 1302 2433 de
1338 2384 1529 2442 liberte,
1555 2366 1624 2432 'ou
1649 2384 1810 2446 plut&
1839 2382 2258 2433 affranehisaez-le

416 2466 753 2527 eutici-emeat,
778 2469 821 2516 ei
843 2469 948 2516 cela
968 2476 1042 2517 eet
1062 2468 1291 2531 possible.
1318 2494 1386 2505 —
1402 2467 1480 2516 Eh
1497 2465 1640 2515 bien!
1666 2466 1878 2524 Atticus,
1911 2466 1962 2527 je
1996 2480 2117 2513 vous
2146 2480 2259 2528 par-

415 2549 510 2598 laie
532 2549 647 2599 d'un
668 2550 885 2600 discours
903 2556 966 2603 οὐ
982 2551 1167 2600 Brutus
1195 2566 1226 2598 8
1251 2551 1454 2613 deploye
1476 2556 1634 2598 toutee
1662 2549 1733 2597 188
1763 2547 1996 2597 rieheuee
2023 2547 2083 2595 de
2112 2548 2258 2596 l’elo-

417 2645 598 2694 quenoe
623 2648 685 2682 en
711 2634 880 2682 savem·
911 2634 977 2682 du
999 2636 1075 2683 roi
1097 2634 1377 2698 Dejotatue,
1402 2626 1458 2680 le'
1478 2632 1702 2681 meilleur
1730 2638 1779 2679 et
1811 2630 1858 2679 18
1886 2630 1999 2693 plue
2025 2628 2165 2678 fidele
2199 2629 2260 2680 de

417 2730 510 2765 nee
534 2717 698 2778 allide,
740 2726 789 2767 et
811 2720 841 2767 ὲ
867 2733 920 2768 ce
945 2735 1134 2782 propos,
1170 2720 1221 2766 la
1257 2717 1597 2765 conversation
1618 2715 1783 2764 tomba
1809 2729 1894 2762 em·
1918 2715 1987 2763 188
2016 2721 2254 2763 orateure.

487 2799 577 2850 VI.
599 2827 665 2837 —
680 2800 744 2850 Je
768 2801 883 2856 eain.
917 2801 1068 2859 dit-il,
1099 2816 1193 2863 que
1221 2815 1276 2849 ee
1293 2800 1372 2848 fut
1390 2800 1442 2848 la
1458 2799 1720 2848 l’ocouiou
1745 2796 1805 2845 de
1836 2805 1977 2846 notre
2001 2797 2258 2858 eatretien,

418 2892 468 2935 et
493 2884 638 2949 qu’en
671 2885 931 2948 plaiguent
963 2885 1009 2932 le
1045 2892 1147 2932 sort
1177 2884 1236 2932 de
1262 2884 1467 2943 Brutus,
1506 2897 1626 2930 vous
1658 2880 1909 2947 gemiseiez
1948 2879 2006 2928 de
2047 2881 2153 2929 voit
2188 2880 2261 2927 188

419 2970 684 3019 tribunaux
714 2967 897 3017 deserta
943 2975 993 3016 et
1020 2969 1066 3017 le
1101 2968 1260 3016 sorum
1290 2967 1596 3015 abandoned.
1620 2990 1679 3002 -
1698 2964 1832 3014 C’eet
1866 2978 1923 3012 ee
1960 2978 2054 3026 que
2087 2963 2141 3025 je
2165 2963 2264 3011 fais

419 3067 594 3102 encore
624 3053 737 3100 bien
785 3059 1008 3110 convent,
1044 3050 1366 3113 rependis-je.
1412 3050 1487 3099 En
1523 3047 1651 3106 effet,
1677 3048 1879 3106 Brutus,
1912 3062 1971 3094 en
1999 3047 2159 3108 jetant
2191 3046 2265 3093 188

419 3152 553 3202 yeux
576 3151 660 3185 sur
685 3151 822 3194 vous,
841 3136 895 3198 je
920 3151 998 3183 me
1022 3133 1255 3182 demando
1276 3149 1394 3183 aveo
1415 3131 1697 3195 inquietude
1713 3132 1873 3195 quelle
1900 3131 2108 3179 earn-iere
2127 3136 2265 3178 trou-

420 3236 536 3270 νοτε
563 3219 741 3282 jamnis
771 3226 966 3268 ouverte
999 3233 1052 3267 ee
1083 3220 1238 3266 talent
1269 3215 1554 3273 admirable,
1586 3229 1640 3265 ce
1676 3214 1885 3278 prefond
1924 3215 2102 3271 saveir,
2142 3220 2266 3260 cette

421 3303 617 3353 nativit&
660 3299 961 3365 singuliere?
1009 3301 1140 3350 C'est
1171 3301 1366 3362 lorsque
1402 3314 1522 3347 vous
1547 3313 1668 3346 vous
1702 3299 1822 3347 etiez
1868 3297 1980 3360 deja
2020 3295 2266 3358 distingue

423 3386 545 3436 dans
566 3386 637 3434 188
659 3386 771 3449 plus
798 3385 1007 3450 grandes
1033 3399 1218 3440 causes,
1242 3384 1365 3432 o'eet
1394 3383 1590 3445 lorsque
1614 3395 1729 3429 mon
1757 3383 1849 3444 fige
1879 3395 1999 3428 vous
2030 3378 2187 3427 cedait
2216 3378 2267 3426 la

422 3471 582 3535 place,
609 3477 659 3519 et
681 3469 885 3519 baieeait
910 3470 982 3519 188
1004 3468 1253 3518 faieeeaux
1284 3467 1462 3516 devant
1496 3480 1636 3525 νοω,
1674 3465 1794 3514 c’eet
1819 3465 1949 3513 alors
1986 3477 2078 3525 que
2109 3461 2268 3526 parmi
