2592 4084
372 312 495 371 258
1164 324 1435 370 snmus,

377 441 449 496 ad
465 439 790 496 obtinendas
817 453 1012 494 causas
1037 452 1227 494 curam
1252 438 1420 495 etiam
1442 443 1499 494 et
1520 439 1775 511 gratiam,
1803 441 1858 495 in
1882 440 2241 515 principibus

375 532 623 604 patronis
651 529 861 603 aliquot
891 546 1065 587 annos
1080 529 1215 587 suit.
1244 533 1309 586 ln
1331 530 1498 602 hujus
1521 533 1769 589 oratione
1792 549 1975 590 sermo
2014 534 2236 592 latinus

376 631 514 696 erat,
551 621 724 680 verba
756 638 867 678 non
903 624 1140 694 abjecta,
1185 639 1276 679 res
1321 625 1637 696 compositae
1678 625 2004 698 diligenter-3
2037 627 2234 683 nullus

374 717 476 773 flos
495 724 704 787 tamen,
729 732 912 788 neque
941 715 1130 772 lumen
1158 717 1367 787 ullum3
1395 717 1568 773 animi
1606 734 1832 790 magna,
1866 721 2018 777 vocis
2052 735 2235 791 parva

375 809 672 877 contenti0,
702 805 888 862 omnia
909 806 1025 862 fere
1049 812 1112 862 ut
1133 807 1391 864 similiter
1425 814 1592 881 atque
1617 824 1728 866 uno
1770 809 1935 867 modo
1963 810 2232 868 dices-en-

374 904 485 955 tur.
512 901 652 955 Nam
680 899 848 971 hujus
874 899 1104 971 oequalis
1136 905 1192 956 et
1222 900 1481 956 inimicus
1511 903 1572 958 C.
1604 902 1851 958 Fimbria
1882 919 1993 959 non
2020 903 2099 958 ita
2132 904 2234 960 diu

370 992 583 1063 iactare
606 1009 666 1048 se
688 992 866 1064 potuit
893 1010 908 1047 :
940 993 1036 1064 qui
1061 993 1249 1049 omnia
1276 1009 1481 1066 magna
1519 1010 1656 1051 voce
1679 995 1893 1068 dicens,
1924 997 2234 1054 verborum

373 1102 507 1142 sane
536 1086 806 1142 honorum
834 1100 1001 1141 cursu
1027 1086 1268 1157 quodam
1295 1071 1539 1157 incitato,
1566 1087 1644 1143 ita
1677 1087 1897 1144 furebat
1930 1094 2142 1160 tamen,
2168 1094 2236 1143 ut

374 1178 639 1234 mirarere
669 1182 785 1232 tam
807 1177 946 1233 alias
967 1192 1058 1233 res
1081 1192 1248 1249 agere
1273 1178 1560 1249 populum,
1581 1182 1652 1243 ,ut
1678 1183 1826 1234 essct
1854 1178 2050 1234 insano
2081 1178 2235 1233 inter

374 1273 608 1328 disertos
631 1271 806 1327 locus.
835 1271 935 1325 Gn.
979 1276 1168 1327 autem
1200 1270 1467 1327 Lentulus
1497 1271 1674 1327 multo
1707 1271 1980 1343 majorem
2010 1271 2232 1343 opinio·-

374 1382 503 1422 nem
529 1363 747 1420 dicendi
777 1363 989 1419 actione
1032 1361 1294 1434 faciebat,
1330 1377 1501 1436 quam
1541 1368 1747 1437 quanta
1786 1364 1844 1419 in
1882 1380 1949 1420 eo
1985 1364 2232 1420 facultas

376 1464 497 1517 erat
525 1477 538 1514 :
578 1456 674 1531 qui
702 1473 874 1530 quum
904 1462 1054 1513 esset
1075 1472 1177 1512 nec
1199 1462 1517 1529 peracutuS,
1545 1472 1864 1529 quanquam
1888 1463 1946 1511 et
1986 1473 2051 1512 ex
2082 1456 2229 1513 facie

376 1557 429 1609 et
456 1568 523 1607 ex
542 1550 698 1607 vultu
723 1550 1038 1618 videbatur,
1062 1565 1165 1606 nec
1201 1550 1488 1606 abundans
1527 1549 1731 1620 verbis,
1777 1549 1879 1604 etsi
1916 1547 2148 1604 fallebat
2170 1549 2229 1603 in

375 1660 442 1699 eo
479 1643 620 1715 ipse,
645 1642 726 1697 sic
767 1641 1094 1713 intervallis,
1126 1639 1635 1712 exclamationibus,
1659 1656 1797 1697 voce
1835 1640 1994 1698 suavi
2035 1648 2094 1696 et
2128 1656 2228 1696 ca-

374 1750 529 1805 nora,
557 1733 883 1790 admirando
924 1732 1209 1803 irridebat,
1239 1733 1458 1788 calebat
1497 1733 1554 1788 in
1592 1734 1828 1805 agend0,
1872 1740 1935 1789 ut
1973 1750 2060 1805 ea,
2100 1750 2228 1805 quae

376 1827 626 1897 deerant,
649 1842 761 1881 non
787 1826 1259 1882 desiderarentur.
1291 1828 1394 1893 Ita,
1419 1830 1684 1898 tanquam
1707 1826 1874 1883 Curio
1893 1827 2052 1898 copia
2079 1842 2229 1881 non·

373 2061 488 2095 nom
511 2059 571 2093 en
591 2044 744 2093 credit
763 2049 811 2091 et
833 2041 952 2091 d’un
975 2042 1136 2107 grand
1159 2050 1533 2107 empreesement
1566 2045 1596 2091 ὲ
1617 2041 1900 2092 rechercher
1923 2041 2006 2090 des
2028 2058 2223 2104 causes,

371 2124 418 2173 le
439 2125 684 2187 placerent
702 2122 932 2186 quelques
953 2123 1133 2169 annees
1152 2120 1274 2169 dans
1301 2122 1371 2170 les
1390 2122 1624 2186 premiere
1643 2136 1795 2185 range
1818 2121 1885 2169 du
1905 2121 2136 2171 barreau.
2163 2123 2229 2175 Sa

373 2203 557 2253 diction
580 2203 697 2251 etait
719 2208 929 2251 correcte
943 2237 955 2259 ,
985 2217 1060 2250 ses
1082 2201 1387 2265 expressions
1408 2217 1523 2250 sans
1545 2202 1762 2249 haseccae
1775 2235 1788 2259 ‚
1822 2215 1878 2248 sa
1900 2202 2227 2263 composition

373 2282 697 2344 methodique.
737 2281 991 2339 Dur-este,
1017 2281 1176 2330 nullas
1198 2279 1373 2343 fleurs,
1393 2281 1482 2329 nul
1504 2281 1631 2328 eolat
1650 2279 1773 2327 dane
1796 2278 1842 2326 le
1873 2279 2029 2341 style;
2067 2279 2227 2327 benn-

372 2377 496 2424 ooup
521 2361 580 2410 de
613 2369 925 2409 mouvement
945 2361 1066 2409 dans
1094 2361 1145 2409 la
1165 2363 1339 2424 pene-Se
1360 2396 1373 2419 ,
1409 2366 1458 2408 et
1491 2359 1533 2408 ei
1565 2375 1658 2423 peu
1679 2357 1799 2406 dans
1832 2358 1878 2405 le
1899 2357 2056 2417 debit,
2094 2358 2227 2420 qn’il

373 2441 520 2489 disait
547 2446 654 2489 tout
681 2456 765 2488 sur
786 2441 831 2489 le
847 2426 1008 2489 ‘meme
1034 2447 1119 2489 ton
1135 2475 1148 2498 ‚
1174 2447 1224 2488 et
1250 2437 1397 2489 d'une
1411 2439 1526 2487 voix
1548 2437 1807 2486 uniforme.
1835 2435 2002 2496 Quant
2034 2435 2226 2483 aFim-

369 2520 506 2579 bria,
544 2535 634 2569 son
653 2521 844 2568 ennemi
865 2527 913 2568 et
933 2520 1000 2568 du
1024 2523 1180 2568 meme
1204 2522 1293 2583 fige
1315 2534 1407 2581 qne
1440 2519 1537 2576 lui,
1564 2518 1603 2565 il
1629 2531 1690 2565 ne
1712 2523 1801 2580 put
1826 2531 1913 2578 pas
1944 2516 2228 2579 longtemps

373 2597 559 2646 donner
583 2600 792 2646 carriere
814 2601 845 2646 a
867 2614 941 2647 ses
963 2608 1353 2661 emportements.
1378 2597 1465 2647 Cet
1492 2597 1703 2654 homme,
1740 2596 1826 2660 qui
1851 2610 1914 2643 ne
1941 2595 2088 2643 disait
2118 2597 2228 2646 rien

368 2689 485 2721 sans
503 2678 646 2731 oriar,
680 2675 884 2723 debitait
909 2691 1026 2723 avec
1049 2691 1143 2723 une
1163 2675 1421 2722 volubilite
1440 2673 1749 2723 intariseable
1767 2674 1853 2721 dm
1875 2674 2067 2736 paroles
2088 2689 2226 2724 men

368 2751 481 2798 bien
506 2752 738 2810 choisias,
769 2754 896 2801 mais
917 2756 1297 2816 accompugnees
1326 2753 1443 2802 d'un
1472 2761 1605 2816 geste
1625 2755 1668 2802 si
1687 2753 1950 2809 furibund,
1981 2754 2131 2815 qu’on
2162 2770 2227 2804 ne

368 2830 525 2875 savait
547 2829 684 2891 point
706 2832 736 2877 ὲ.
761 2830 876 2892 quoi
904 2830 1094 2894 peneait
1120 2830 1167 2877 le
1196 2830 1368 2892 peuple
1396 2830 1455 2879 de
1484 2831 1690 2893 prendre
1712 2847 1766 2880 oe
1787 2832 1982 2880 forcone
2002 2847 2129 2895 pour
2155 2848 2226 2881 un

369 2915 582 2956 orateur.
607 2908 699 2957 Cn.
724 2908 961 2957 Lentulus
981 2908 1143 2956 devait
1165 2911 1195 2955 ὲ,
1214 2924 1302 2957 son
1324 2909 1482 2968 debit,
1509 2911 1667 2973 plutot
1686 2911 1801 2974 qu’a
1826 2927 1894 2959 un
1914 2912 2071 2959 talent
2095 2913 2224 2966 real,

367 3000 441 3033 ses
472 2989 638 3036 succes
670 2988 934 3045 oratoires3
971 2988 1010 3036 il
1043 2988 1228 3037 n’avait
1261 2990 1316 3036 ni
1345 2989 1395 3038 la
1421 2989 1595 3040 finesse
1622 2990 1823 3055 d’eaprit
1847 2991 2227 3054 quiparnissait

368 3065 489 3113 dans
526 3082 600 3114 ses
633 3066 835 3130 regards
869 3073 917 3114 et
949 3082 1034 3114 sur
1068 3082 1156 3115 son
1178 3065 1371 3131 vinage,
1410 3070 1464 3117 ni
1498 3069 1549 3117 la
1581 3069 1791 3119 richesse
1812 3068 2107 3118 d’elocution
2129 3084 2227 3131 que

366 3145 440 3192 lui
465 3146 722 3195 attribuait
740 3145 875 3194 aussi
895 3146 1133 3208 l'opinion
1155 3150 1395 3211 trompee3
1420 3148 1545 3197 mais
1567 3147 1651 3197 dee
1667 3164 1846 3212 pauses
1869 3156 1916 3197 et
1940 3149 2024 3196 des
2048 3150 2231 3197 excla-
2285 3167 2293 3172 ·

368 3225 580 3274 mationa
608 3224 906 3274 habilement
933 3228 1208 3289 menagees,
1246 3241 1343 3274 une
1365 3227 1480 3275 voix
1503 3227 1654 3276 douce
1675 3235 1723 3276 et
1752 3227 2112 3283 harmoniam,
2136 3226 2226 3273 des

365 3305 699 3352 etennements
726 3306 936 3354 calentes
967 3312 1016 3354 et
1046 3306 1317 3369 ironiques,
1349 3306 1479 3354 enfin
1508 3322 1605 3354 une
1631 3307 1792 3355 action
1819 3307 1977 3370 pleine
2005 3305 2065 3353 de
2097 3305 2228 3352 cha-

364 3383 491 3441 laur,
522 3385 747 3433 faisaient
760 3423 774 3447 ,
804 3401 890 3433 sur
911 3401 965 3434 ce
985 3386 1107 3449 qu’il
1130 3385 1315 3434 n’avait
1336 3401 1438 3449 pas,
1466 3400 1560 3433 une
1582 3385 1818 3448 complete
1839 3384 2057 3433 illusion·
2077 3383 2228 3434 Nous

364 3475 514 3513 avons
550 3482 613 3513 vu
645 3466 830 3515 Curion
848 3501 861 3526 ,
909 3481 1021 3514 sans
1063 3472 1199 3515 autre
1240 3466 1413 3515 merite
1448 3466 1626 3529 qu'une
1660 3465 1841 3513 diction
1880 3478 2011 3512 assez
2053 3464 2227 3513 abon-
