2592 4084
1114 361 1384 408 BRUTUS.
2060 356 2170 413 231

314 481 406 544 qui
428 478 525 528 fuit
542 479 801 543 adoptatus
1120 478 1215 540 qui
1233 478 1313 526 fut
1336 479 1513 542 adepte

319 554 609 596 testamento
629 543 826 596 Crassi?
1119 559 1208 608 par
1230 545 1276 592 le
1294 551 1547 593 testament
1574 545 1631 593 de
1652 545 1857 594 Crassus
1881 544 1905 593 ?

317 641 388 652 —
413 614 512 663 Iste
549 613 744 675 quidem
771 612 969 670 dicitur,
1117 611 1406 660 —Celui—ci
1432 620 1584 660 certes
1607 618 1679 660 est
1702 611 1791 671 dit,

319 682 501 743 inquit,
1117 677 1268 734 dit-il,

320 748 476 795 fuisse
495 746 696 809 ingenio
714 760 924 795 summo.
1115 745 1253 791 avoir
1271 744 1346 790 ete
1368 742 1486 791 d’un
1507 744 1659 791 talent
1679 744 1908 793 eminent.

319 815 388 863 Et
412 827 527 861 vero
546 815 628 861 hic
650 811 826 877 Scipio,
1118 810 1181 858 Et
1203 810 1446 857 en-verite
1467 826 1522 858 ce
1543 809 1757 873 Scipion,

318 893 464 927 meus
483 880 690 943 collega,
1119 892 1233 924 mon
1259 876 1494 938 collegue,

320 946 517 994 videtur
540 947 662 993 mihi
1122 947 1281 1007 paruit
1311 944 1340 989 a
1362 945 1462 990 moi

322 1018 372 1062 et
394 1013 532 1074 loqui
553 1021 602 1059 et
618 1012 774 1059 dicere
792 1011 913 1059 bene
927 1022 1062 1058 sane.
1121 1019 1168 1059 et
1176 1008 1466 1073 s’exprimer
1482 1016 1528 1057 et
1550 1007 1712 1070 parler
1722 1007 1836 1055 bien
1855 1012 2172 1058 assurement.

320 1078 604 1128 —Judicas
628 1086 772 1136 recte,
1121 1101 1184 1112 —
1213 1075 1290 1124 Tu
1311 1077 1457 1139 juges
1478 1075 1620 1137 bien,

321 1145 546 1208 inquam,
571 1145 737 1192 Brute.
1123 1138 1289 1205 dis-je,
1314 1142 1518 1191 Brutus.

321 1212 520 1261 Etenim
547 1225 702 1273 genus
720 1210 864 1259 istius
1120 1205 1196 1255 En
1217 1207 1330 1256 effer.
1352 1209 1401 1257 la
1418 1225 1530 1258 race
1551 1208 1614 1256 de
1634 1204 1828 1256 celui-ci

322 1286 607 1342 generatum
633 1284 705 1326 est
1122 1281 1194 1321 est
1221 1275 1355 1322 issue

323 1359 385 1393 ex
409 1346 557 1409 stirpe
582 1344 835 1406 sapientiae
856 1342 1025 1406 ipsius.
1123 1339 1189 1387 du
1215 1348 1355 1389 trono
1383 1341 1441 1388 de
1462 1340 1516 1388 la
1530 1355 1722 1405 sagense
1742 1341 1872 1411 mem

321 1411 450 1460 Nam
465 1411 678 1459 diximus
692 1409 799 1472 jam
1123 1406 1221 1455 Car
1245 1423 1371 1455 nous
1393 1422 1545 1455 avons
1568 1409 1701 1472 parle
1720 1407 1832 1471 dejs

324 1486 375 1526 et
397 1479 456 1525 de
475 1477 666 1525 duobus
688 1477 813 1535 avis,
1122 1480 1170 1520 et
1191 1474 1273 1521 dea
1299 1475 1426 1521 deux
1442 1475 1616 1533 aIeuls,

324 1544 547 1607 Scipione
564 1553 612 1591 et
640 1543 839 1598 Crass03
1121 1537 1313 1602 Scipion
1339 1549 1386 1587 et
1399 1539 1601 1588 Crassus
1626 1558 1640 1598 3

323 1618 372 1661 et
403 1612 461 1661 de
487 1611 643 1659 tribus
664 1609 873 1671 proavis,
1121 1617 1169 1653 et
1200 1606 1283 1653 des
1316 1606 1436 1654 trois
1459 1607 1706 1666 bisdenis,

327 1679 393 1739 Q.
412 1679 630 1735 Metello,
1118 1672 1179 1732 Q.
1207 1674 1451 1729 Metellus,

321 1745 467 1808 cujus
487 1752 696 1807 quatuor
717 1741 828 1800 filii,
1119 1741 1357 1802 auxquels
1390 1746 1544 1804 [urent
1577 1747 1747 1800 quatre
1769 1738 1868 1798 fils,

323 1810 382 1860 P.
408 1812 647 1874 Scipione,
1120 1805 1179 1854 P.
1209 1807 1424 1868 Scipion,

318 1878 410 1940 qui
423 1879 643 1940 privatus
1120 1875 1203 1934 qui
1226 1871 1714 1934 simple-particulier
1758 1859 1772 1876 ’

325 1943 596 1992 vindicavit
625 1940 974 2004 rempublicam
1120 1938 1383 1986 affranchit
1403 1941 1455 1986 la
1476 1937 1760 2001 republique

320 2011 379 2058 in
400 2010 677 2057 libertatem
1120 2020 1180 2052 en
1199 2005 1372 2053 liberte
1400 2005 1605 2067 (delivra
1625 2004 1677 2052 la
1709 2002 2008 2067 republique)

322 2091 388 2124 ex
415 2075 669 2122 dominatu
690 2073 801 2122 Tib.
831 2071 1058 2132 Gracchi,
1121 2070 1178 2118 de
1201 2072 1253 2120 la
1284 2072 1511 2134 tyrannie
1530 2072 1588 2119 de
1618 2071 1727 2120 Tib.
1747 2070 2022 2133 Gracchus,

328 2141 389 2202 Q.
415 2141 630 2190 Scaevola
652 2155 858 2201 augure,
1119 2138 1181 2198 Q.
1206 2139 1409 2187 Scevola
1435 2139 1676 2202 l'augure,

325 2211 412 2270 qui
441 2208 639 2254 habitus
663 2214 732 2254 est
1119 2206 1204 2266 q-ui
1226 2219 1522 2267 passa-pour

323 2273 649 2337 peritissimus
663 2273 810 2336 juris,
1120 2271 1405 2319 tres-habile
1428 2271 1550 2319 dans
1583 2272 1631 2319 le
1655 2270 1802 2329 droit,

323 2343 550 2403 idemque
572 2339 828 2403 percomis.
1119 2346 1167 2384 et
1193 2342 1620 2399 ‹en-mome-temps
1645 2338 1966 2386 tres—affable.

321 2407 435 2457 Jam
458 2422 604 2469 quam
627 2406 817 2454 illustre
1118 2403 1311 2465 Et-puis
1329 2404 1548 2451 combien
1569 2403 1761 2451 illustre

322 2480 394 2521 est
415 2487 594 2520 nomeu
1119 2478 1191 2518 est
1212 2470 1260 2517 le
1273 2484 1391 2518 nom

321 2540 529 2589 duorum
548 2540 830 2601 abavorum,
1119 2536 1178 2585 de
1197 2553 1265 2583 ses
1288 2537 1417 2584 deux
1443 2536 1708 2594 trisaiems,

319 2606 380 2656 P.
409 2606 667 2670 Scipionis,
1119 2603 1176 2650 P.
1205 2602 1421 2666 Scipion,
1493 2620 1498 2625 ·

216 2670 222 2676 ’
320 2674 405 2736 qui
427 2672 524 2720 fuit
545 2673 621 2719 bis
643 2671 835 2732 consul,
1119 2666 1201 2731 qui
1237 2670 1315 2716 fut
1345 2670 1475 2717 deux
1511 2667 1606 2717 fois
1634 2669 1826 2725 consul,

322 2738 407 2801 qui
438 2745 511 2787 est
544 2739 702 2787 dictus
732 2729 1022 2795 Corculum,
1118 2735 1202 2798 qui
1235 2735 1314 2783 fut
1334 2736 1614 2784 surnornme
1638 2735 1918 2799 Corculum,

316 2805 542 2863 alterius,
565 2805 621 2854 C.
646 2804 807 2862 Laelii,
1115 2802 1308 2860 l'autre,
1338 2803 1396 2852 C.
1421 2802 1603 2860 Lelius,

321 2872 663 2936 sapientissimi
682 2873 902 2919 omnium
926 2865 951 2916 ?
1113 2869 1439 2932 le-plus-sage
1462 2869 1521 2916 de
1554 2875 1664 2916 tous
1679 2865 1703 2914 ἰ’

319 2937 437 2988 -Ο
467 2951 749 3002 generosam
770 2935 988 2997 stirpem,
1114 2933 1231 2984 -Ο
1256 2936 1309 2983 la
1337 2935 1481 2984 noble
1503 2949 1634 2993 race‚

318 3005 502 3070 inquit,
1111 3000 1267 3059 dit-il,

316 3079 369 3119 et
392 3081 627 3134 tanquam
650 3069 794 3132 plura
816 3082 996 3133 genera
1115 3078 1163 3116 et
1189 3084 1375 3116 comme
1396 3069 1637 3131 plusieurs
1660 3069 1848 3131 saperes

317 3137 369 3185 in
385 3153 533 3187 unam
550 3137 790 3193 arborem,
1117 3151 1201 3182 sur
1223 3151 1290 3181 un
1312 3137 1416 3182 seul
1451 3137 1608 3192 arbre,

320 3203 390 3252 sic
412 3205 697 3268 sapientiam
726 3203 994 3251 multorum
1116 3202 1241 3248 ainsi
1261 3202 1311 3250 la
1333 3215 1524 3261 sagesse
1544 3201 1603 3248 de
1622 3201 1871 3264 beaucoup

320 3270 521 3318 insitam
548 3279 695 3332 atque
726 3268 1058 3317 illuminatam
1117 3268 1292 3329 greffee
1314 3279 1362 3314 et
1395 3265 1613 3315 illustree

298 3338 375 3384 in
403 3339 548 3384 istam
572 3334 800 3384 domum!
1118 3325 1202 3380 sur
1225 3342 1347 3380 cette
1375 3334 1564 3381 maisou
1586 3331 1599 3381 !

389 3402 520 3452 le.
547 3430 612 3443 -
637 3402 797 3465 Igitur
826 3402 1046 3464 suspicor
1184 3400 1314 3447 LIX.
1338 3426 1401 3435 —
1420 3398 1559 3448 Dono
1573 3400 1625 3462 je
1643 3413 1918 3463 soupeonne

324 3468 522 3516 domum
546 3468 773 3516 Curionis
1119 3467 1169 3512 la
1201 3468 1386 3513 maison
1410 3465 1466 3511 de
1486 3465 1669 3514 Curion

324 3536 403 3597 (ut
418 3535 723 3582 conferamus
1120 3535 1264 3594 (pour
1282 3547 1377 3594 que
1399 3546 1523 3579 nous
1545 3530 1851 3593 compatione
