2592 4084
220 506 314 540 non
337 493 504 541 fuisset
519 494 647 541 idem

221 564 315 604 tam
338 569 536 607 ornatus
565 560 618 607 in
639 557 862 619 dicendo,

219 637 273 671 ae
289 624 430 688 plane
449 634 610 675 orator
634 642 647 671 ι

220 690 300 737 etsi
321 698 539 752 tempora
566 691 708 753 eujus

219 764 327 805 sunt
347 757 549 813 ineerta,

218 825 370 869 tamen
402 822 496 870 fuit
514 822 674 870 multis
705 821 847 870 annis

217 895 323 933 ante
349 888 607 936 Romulum
628 905 645 944 ς

218 952 257 1000 si
277 953 467 1013 quidem
492 966 592 1000 non
619 954 717 1001 fuit

214 1017 338 1066 infra
346 1018 624 1082 Lycurgum
633 1019 925 1084 superiorem
933 1055 945 1079 ,

215 1095 244 1130 a
262 1098 353 1144 quo

216 1147 456 1212 disciplina
469 1149 944 1198 Laeedaemoniorum

217 1213 436 1264 adstricta
455 1224 532 1264 est
552 1217 762 1278 legibus.

214 1278 301 1328 Sed
322 1281 537 1328 studium
558 1284 600 1346 ej
609 1297 663 1329 us
686 1280 878 1344 generis

213 1346 371 1407 visque
395 1348 556 1410 major

211 1414 487 1471 agnoscitur
506 1413 558 1461 in
581 1412 853 1461 Pisistrato.

213 1475 422 1540 Denique
441 1478 795 1527 Themistocles

211 1542 449 1592 insecutus
475 1553 550 1592 est
570 1544 704 1592 hune

210 1610 378 1657 saeeulo
404 1612 650 1672 proximo,

211 1676 540 1739 perantiquus,
561 1684 618 1724 ut
639 1675 771 1738 apud
793 1690 906 1732 nos;

210 1741 392 1788 nonita
412 1747 556 1790 vetus
576 1756 711 1798 sane,

210 1811 263 1852 ut
284 1807 407 1869 apud
434 1807 774 1856 Athenienses.

208 1868 342 1918 Enim
366 1873 467 1920 fuit

210 1935 394 1985 Graeeia
421 1939 529 2001 jam
557 1947 807 1999 regnante,

207 2010 368 2050 uestra
388 2012 555 2050 autem
585 2005 779 2051 civitate

209 2066 407 2115 liberata
436 2083 536 2116 non
559 2067 630 2115 ita
651 2069 835 2130 pridem

210 2131 459 2182 dominatu
483 2135 646 2197 regi03

210 2211 317 2246 nam
355 2197 484 2247 illud
522 2199 707 2247 bellum

207 2262 491 2314 Volscorum

208 2332 560 2390 gravissimum,

208 2397 283 2441 eui
305 2395 594 2445 Coriolanus
616 2394 841 2446 interfuit

208 2462 351 2520 exsul,

209 2524 296 2574 fuit
317 2527 418 2574 fere
443 2527 613 2576 eodem
634 2533 866 2591 tempore,

207 2603 296 2652 quo
317 2593 500 2640 bellum
523 2593 804 2652 Persarum,

208 2663 251 2703 et
288 2657 487 2706 fortuna

206 2721 413 2771 virerum
430 2725 676 2772 clarorum

208 2786 379 2835 similis
405 2806 417 2835 z

207 2851 430 2915 siquidem
454 2860 674 2917 uterque,

209 2929 346 2977 quum
364 2920 537 2967 fuisset
548 2921 670 2969 oivis
691 2921 934 2985 egregius,

207 2985 369 3043 pulsus
386 2985 576 3047 injuria

208 3051 364 3109 populi
388 3051 589 3114 ingrati,

207 3116 408 3163 eontulit
423 3132 473 3164 se
495 3116 557 3164 ad
579 3116 741 3165 hostes

210 3179 483 3242 sedavitque
510 3189 663 3230 morte

206 3256 428 3294 conatum
452 3262 553 3296 suae
574 3245 857 3296 iracundia.

204 3306 326 3358 Nam
356 3314 446 3360 etsi
469 3314 610 3362 aliter
629 3322 703 3361 est
724 3313 854 3377 apud
876 3318 924 3361 te

206 3374 264 3422 de
294 3376 569 3437 Coriolano,

205 3443 411 3490 concede
432 3452 592 3491 tamen

206 3513 261 3555 ut
276 3508 510 3557 assentiar
532 3509 690 3572 potius

1002 377 1262 422 neurus,
1971 370 2048 429 &1

1000 493 1214 540 n'aurait
1240 508 1325 555 pas
1345 494 1420 541 ete
1445 497 1868 560 emmens-tempe

999 560 1041 606 si
1069 559 1187 605 orne
1210 574 1268 605 en
1293 560 1508 620 pulsnt,-

1000 630 1050 671 et
1070 631 1179 671 tout
1197 626 1226 670 a
1244 624 1334 672 fait
1355 633 1549 674 orateur
1574 643 1587 673 t

1000 691 1207 751 quoique
1229 691 1447 752 l'epoque
1467 691 1526 738 de
1549 692 1743 741 celui-ei

1000 757 1093 802 soit
1113 756 1395 813 ineertaine,

998 821 1263 882 cependant
1286 823 1324 868 il
1347 836 1376 867 a
1398 822 1552 869 existe
1575 823 1686 871 bien
1704 823 1785 872 des
1808 826 1994 876 ann&

1000 898 1146 933 avant
1168 887 1430 941 Romulus;

999 952 1229 1014 puisqu’il
1255 955 1336 999 n’a
1352 968 1439 1015 pas
1457 953 1611 1001 existe

1000 1022 1136 1079 apres
1164 1018 1424 1082 Lycurgus
1450 1019 1678 1076 l’aneien,

1000 1097 1088 1145 par
1105 1083 1260 1146 lequel

999 1149 1291 1196 l’edueation
1321 1149 1404 1196 des
1429 1149 1839 1200 Laeedemoniens

998 1230 1028 1261 a
1048 1217 1120 1262 ete
1146 1215 1397 1276 assujettie
1424 1219 1454 1261 ὲ.
1486 1215 1567 1262 des
1588 1217 1698 1265 lois.

997 1280 1120 1327 Mais
1141 1296 1237 1328 une
1257 1279 1401 1328 etude
1424 1280 1481 1326 de
1503 1295 1557 1327 ee
1576 1296 1726 1343 genre

997 1353 1043 1393 et
1068 1361 1161 1392 une
1185 1347 1441 1408 puissanee
1470 1348 1580 1407 plus
1605 1348 1793 1410 grande

998 1426 1049 1458 se
1072 1415 1321 1459 reconnalt
1344 1412 1468 1458 dans
1482 1412 1753 1462 Pisistrato.

997 1476 1144 1524 Eniin
1164 1477 1492 1525 Themistocle

999 1559 1030 1588 a
1050 1544 1175 1590 suivi
1199 1543 1389 1590 celui-ei

1000 1622 1064 1654 au
1090 1609 1233 1655 si'eele
1250 1609 1470 1665 suivant,

999 1673 1098 1721 fort
1124 1676 1313 1728 ancien,
1353 1675 1876 1736 en-eomparaison-de
1893 1690 2061 1735 nonu

998 1754 1096 1787 non
1126 1755 1211 1801 pas
1227 1740 1267 1786 si
1292 1739 1439 1785 vieux
1468 1749 1638 1794 eertes,

998 1817 1303 1866 en-tant-qne
1324 1804 1441 1851 chez
1466 1805 1535 1852 les
1558 1806 1841 1854 Atheniens.

998 1870 1096 1919 Car
1117 1873 1154 1918 il
1177 1887 1206 1918 a
1232 1873 1385 1917 existe

995 1935 1045 1984 la
1065 1936 1215 1984 Grece
1242 1939 1376 1983 etant
1405 1935 1515 1997 ‘ieje
1536 1939 1841 1994 souveraine‚

996 2004 1120 2049 mais
1142 2010 1279 2049 notre
1303 2002 1586 2065 republique

995 2067 1128 2114 etant
1164 2067 1368 2114 delivree
1394 2083 1490 2115 non
1518 2068 1686 2130 depuis
1707 2070 1749 2117 si
1774 2071 2060 2135 longtenp

995 2131 1055 2180 de
1075 2134 1126 2181 la
1147 2132 1448 2180 deminution
1471 2133 1552 2181 des
1572 2135 1673 2183 rois
1699 2152 1712 2192 ς

993 2212 1078 2245 oar
1104 2205 1225 2246 cette
1248 2213 1422 2262 guerre

993 2262 1074 2310 des
1090 2263 1330 2326 Volsques

990 2330 1411 2386 si-eonsiderable‚

993 2396 1022 2442 a
1040 2394 1248 2457 laquelle
1269 2395 1502 2444 Coriolan
1523 2397 1751 2458 prit-part

991 2461 1312 2522 pendant-son
1319 2461 1445 2508 ·exil
1455 2498 1465 2516 ,

992 2528 1203 2574 eut-lieu
1220 2540 1426 2589 presque
1449 2528 1478 2572 a
1504 2525 1553 2573 la
1575 2530 1731 2576 meme
1742 2529 1950 2591 epoque,

991 2605 1084 2653 que
1106 2593 1157 2640 la
1179 2607 1355 2655 guerre
1380 2591 1462 2640 des
1485 2592 1652 2641 Perses
1666 2631 1681 2653 ,

991 2665 1038 2705 et
1055 2658 1105 2705 la
1130 2659 1322 2704 fortune

991 2721 1051 2771 de
1075 2738 1146 2771 cos
1171 2723 1391 2770 hommes
1410 2723 1625 2772 illustres

989 2790 1065 2849 sut
1082 2789 1347 2837 semblable
1366 2806 1381 2836 ε

992 2854 1194 2917 puisque
1215 2854 1611 2915 l'un-et·l'autre‚

993 2922 1129 2981 apres
1152 2922 1288 2968 avoir
1307 2921 1385 2970 ete
1403 2936 1469 2968 un
1492 2922 1683 2985 citoyen
1710 2921 1972 2981 excellent,

991 2986 1139 3033 banni
1162 3000 1251 3049 par
1272 2985 1539 3047 l'injustioe

992 3049 1110 3099 d’un
1130 3052 1303 3114 peuple
1320 3052 1506 3115 ingrat,

992 3131 1042 3163 se
1067 3124 1346 3180 transporta
1370 3118 1486 3165 ehez
1515 3117 1766 3176 l’enuemi‚

990 3191 1037 3229 et
1062 3182 1271 3244 reprime
1299 3197 1387 3244 par
1411 3185 1461 3229 la
1480 3193 1609 3231 mort

989 3248 1036 3294 le
1058 3249 1369 3295 mouvement
1391 3248 1449 3296 de
1471 3263 1556 3296 son
1580 3249 1946 3297 ressentiment.

989 3313 1083 3362 Car
1106 3315 1184 3361 s'il
1207 3330 1266 3361 en
1292 3322 1367 3361 est
1390 3322 1662 3364 autreinent
1682 3315 1799 3363 ehez
1824 3316 1896 3364 toi

990 3380 1211 3441 au-sujvt
1230 3379 1288 3427 de
1309 3379 1556 3437 Coriolan‚

991 3447 1311 3494 necorde-mos·
1343 3445 1570 3492 toutefois

993 3525 1084 3572 que
1103 3511 1391 3573 j'approuve
1415 3511 1575 3571 plut&
