2592 4084
451 354 527 410 82
1235 353 1500 400 BRUTUS.

522 481 666 536 XXI.
703 473 814 532 Sed
852 475 978 531 vivo
1012 473 1218 528 Catone
1254 469 1501 525 minores
1538 472 1674 523 natu
1714 463 1874 521 multi
1905 479 2019 521 uno
2057 468 2308 535 tempore

457 583 704 634 oratores
726 573 1050 629 floruerunt.
1066 571 1208 626 Nam
1231 575 1288 622 et
1308 568 1374 622 Α.
1402 564 1648 632 Albinus,
1675 563 1723 617 is
1753 561 1848 634 qui
1872 577 2057 634 graece
2086 561 2309 633 scripsit

456 672 770 738 historiam,
813 668 910 742 qui
945 664 1143 723 consul
1180 679 1309 720 cum
1349 664 1411 716 L.
1442 659 1672 716 Lucullo
1699 658 1827 725 fuit,
1857 663 1914 712 et
1939 656 2221 712 litteratus
2253 661 2312 711 et

457 772 700 829 disertus
728 766 867 836 fuit3
897 769 954 821 et
970 761 1149 818 tenuit
1176 776 1305 816 cum
1327 758 1433 814 hoc
1454 756 1640 813 locum
1662 754 1958 828 quemdam
1979 753 2150 810 etiam
2182 755 2306 809 Ser.

457 865 706 936 FulviuS,
734 868 790 919 et
817 877 928 916 una
952 861 1072 915 Ser.
1098 856 1305 935 Fabius
1329 855 1534 919 Pictor,
1558 857 1615 908 et
1628 850 1789 924 juriS‚
1816 857 1872 906 et
1887 850 2231 914 litterarum,
2255 855 2311 905 et

458 962 799 1036 antiquitatis
828 961 969 1014 bene
1009 954 1240 1027 peritus.
1269 952 1615 1021 Quintusque
1641 947 1843 1003 Fabius
1867 947 2049 1002 Labeo
2086 947 2195 1001 fuit
2215 963 2308 1003 or-

458 1068 622 1121 natus
644 1060 844 1117 iisdem
872 1056 988 1111 fere
1007 1051 1286 1108 laudibus,
1314 1051 1456 1106 Nam
1482 1049 1547 1114 Q.
1577 1045 1856 1112 Metellus,
1895 1045 1943 1100 is
1985 1044 2150 1116 cujus
2174 1060 2311 1116 qua-

459 1169 589 1218 tuor
615 1158 716 1214 filii
735 1153 1057 1213 consulares
1082 1150 1329 1218 fuerunt,
1359 1146 1416 1200 in
1434 1144 1632 1215 primis
1658 1149 1743 1200 est
1763 1142 1988 1200 habitus
2017 1142 2307 1214 eloquenS,

460 1259 554 1333 qui
595 1271 696 1329 pro
737 1257 798 1309 L.
833 1253 994 1308 Cotta
1033 1247 1188 1316 dixit,
1227 1247 1523 1300 accusante
1565 1241 1848 1311 Africano;
1887 1240 2049 1311 cujus
2089 1246 2147 1294 et
2188 1236 2310 1293 aliae

461 1358 591 1410 sunt
620 1349 916 1417 orationes,
947 1350 1004 1399 et
1039 1346 1233 1398 contra
1272 1337 1393 1393 Tib.
1430 1335 1738 1392 Gracchum
1775 1332 2024 1405 exposita
2055 1339 2142 1389 est
2167 1332 2223 1388 in
2249 1333 2308 1386 C.

458 1448 655 1508 Fannii
688 1440 1015 1501 Annalibus.
1052 1440 1191 1493 Tum
1216 1434 1334 1506 ipse
1360 1435 1419 1488 L.
1446 1433 1604 1487 Cotta
1624 1437 1900 1487 veterator
1922 1428 2167 1485 habitus.
2202 1428 2312 1484 Sed

462 1550 523 1602 C.
565 1542 763 1600 Laelius
804 1543 863 1594 et
896 1541 960 1592 P.
998 1532 1285 1591 Africanus
1317 1531 1375 1584 in
1414 1529 1606 1601 primis
1654 1529 2010 1599 eloquentes;
2069 1543 2314 1598 quorum

463 1646 677 1699 exstant
702 1636 996 1704 orationeS,
1030 1648 1095 1687 ex
1122 1627 1324 1703 quibus
1353 1625 1651 1682 existimari
1678 1625 1747 1680 de
1766 1623 2003 1696 ingeniis
2026 1631 2317 1681 oratorum
2346 1644 2352 1655 ·

461 1740 660 1812 potest.
693 1732 801 1790 Sed
845 1731 990 1785 inter
1022 1727 1146 1797 hos,
1174 1728 1334 1780 aetate
1376 1721 1625 1793 paullum
1669 1721 1759 1776 his
1798 1720 2156 1793 antecedens,
2195 1737 2315 1777 sme

465 1830 839 1893 controversia
876 1830 999 1884 Ser.
1045 1822 1216 1880 Galba
1251 1818 1569 1892 eloquentia
1592 1817 1876 1889 praestitit3
1898 1823 1955 1874 et
1974 1817 2243 1873 nimirum
2269 1819 2319 1873 is

463 1933 720 2008 princeps
747 1944 819 1984 ex
853 1922 1061 1980 Latinis
1094 1920 1193 1976 illa
1224 1923 1509 1974 oratorum
1542 1914 1767 1987 propria
1800 1921 1857 1971 et
1876 1916 2035 1988 quasi
2058 1915 2319 1987 legitima

532 2134 670 2185 XXI.
700 2131 826 2180 Mais
858 2130 924 2176 du
957 2129 1124 2174 vivant
1157 2124 1216 2172 de
1244 2122 1398 2172 Cuton
1432 2123 1681 2171 fleurirent
1714 2136 1775 2169 en
1814 2124 1973 2170 meme
2012 2129 2173 2186 temps
2222 2140 2321 2173 une

467 2226 598 2277 foule
623 2224 891 2272 d’orateurs
915 2219 1024 2283 plus
1043 2217 1211 2279 jeunes
1234 2229 1329 2278 que
1350 2215 1422 2262 les
1451 2212 1684 2261 derniers.
1710 2214 1941 2268 Albinus,
1969 2223 2148 2263 auteur
2169 2215 2321 2264 d’une

467 2318 670 2369 histoire
694 2302 841 2364 ecrite
863 2329 923 2361 en
956 2325 1086 2374 grec,
1111 2318 1159 2357 et
1180 2308 1265 2372 qui
1299 2307 1375 2356 sut
1407 2305 1582 2353 consul
1607 2319 1723 2352 avec
1749 2305 2008 2364 Lucullus,
2030 2314 2116 2354 eut
2145 2307 2215 2355 du
2240 2325 2324 2356 sa-

467 2413 574 2460 voir
591 2417 639 2456 et
663 2409 720 2457 de
747 2408 1058 2469 l’eloqueuce.
1081 2402 1155 2453 On
1186 2409 1303 2465 peut
1329 2400 1492 2463 placer
1512 2401 1541 2445 a
1568 2399 1674 2446 cote
1696 2397 1754 2444 de
1784 2398 1858 2446 lui
1878 2397 2011 2447 Serv.
2036 2399 2247 2447 Fulvius
2273 2409 2326 2448 ct

467 2503 648 2556 Fabius
671 2501 856 2555 Pictor,
883 2499 966 2561 qui
999 2501 1184 2546 connut
1205 2493 1479 2557 &galement
1496 2482 1620 2537 ⁵bien
1653 2491 1700 2537 le
1730 2489 1875 2549 droit,
1904 2491 1955 2538 la
1975 2491 2254 2540 litterature
2274 2501 2326 2542 et

469 2592 764 2655 Pantiquite.
787 2591 848 2651 Q.
874 2591 1055 2639 Fabius
1083 2588 1280 2641 Labeon
1303 2583 1476 2631 merite
1502 2586 1532 2629 a
1557 2597 1650 2646 peu
1680 2584 1789 2645 pres
1820 2584 1892 2630 les
1923 2586 2107 2633 memes
2130 2586 2321 2650 eloges.

469 2685 601 2736 Pour
645 2684 705 2744 Q.
745 2683 985 2738 Metellus,
1029 2682 1113 2743 qui
1160 2683 1242 2726 eut
1283 2681 1455 2738 quatre
1495 2674 1574 2722 fils
1609 2675 1825 2731 consuls,
1864 2692 1930 2724 on
1974 2677 2022 2725 le
2066 2678 2328 2742 regardait

471 2793 658 2827 comme
679 2792 747 2824 un
769 2775 965 2823 homme
998 2773 1082 2820 des
1106 2772 1215 2835 plus
1244 2769 1511 2829 eloquente.
1541 2765 1586 2815 Il
1610 2766 1824 2816 defendit
1856 2767 1918 2816 L.
1946 2768 2111 2832 Cotta,
2147 2774 2327 2820 accuse

473 2884 560 2935 par
581 2868 776 2930 Scipion
799 2864 1076 2915 l’Africain.
1106 2863 1150 2911 Il
1181 2861 1334 2909 existe
1360 2860 1418 2907 de
1450 2859 1524 2907 lui
1549 2859 1793 2922 plusieurs
1822 2859 2063 2923 discours,
2084 2877 2156 2910 un
2183 2871 2327 2911 entre

474 2968 637 3010 autres
655 2959 776 3021 qu'il
806 2969 1052 3019 prononca
1076 2963 1242 3003 contre
1263 2955 1376 3003 Tib.
1403 2951 1675 3008 Gracchus,
1703 2960 1751 2999 et
1772 2967 1866 3015 que
1888 2953 2113 3002 Fannius
2134 2970 2167 3004 a
2200 2971 2321 3019 rap—

472 3057 610 3122 porte
631 3054 752 3101 dans
765 3066 840 3100 ses
861 3050 1094 3112 annales.-
1107 3048 1248 3098 Gotta
1270 3049 1526 3096 lui-meme
1548 3048 1728 3110 passait
1749 3061 1873 3108 pour
1891 3052 2175 3097 consumme
2196 3049 2326 3099 dans

472 3150 544 3197 les
579 3160 715 3195 ruses
766 3142 834 3191 du
873 3143 1096 3190 barreau.
1144 3140 1269 3188 Mais
1305 3138 1475 3189 Lelius
1514 3146 1562 3187 et
1601 3138 1793 3202 Scipion
1842 3139 2106 3189 l'Africain
2153 3143 2329 3192 surent

475 3240 623 3290 dones
650 3237 797 3284 d’une
815 3234 1047 3284 veritable
1066 3234 1343 3295 eloquence.
1365 3232 1502 3281 Nous
1525 3246 1676 3279 avons
1699 3231 1845 3280 d’eux
1878 3231 1960 3281 des
1988 3233 2210 3283 discours
2235 3252 2329 3298 par

475 3330 684 3394 lesquels
711 3341 836 3377 nous
866 3338 1086 3390 pouvons
1114 3323 1261 3388 juger
1292 3323 1353 3372 de
1382 3324 1489 3372 leur
1511 3323 1685 3372 talent.
1710 3321 1905 3372 Servius
1923 3323 2106 3383 Galba,
2131 3342 2201 3375 un
2229 3344 2325 3391 peu

478 3425 585 3490 plus
607 3423 699 3485 age
720 3435 814 3484 que
834 3420 904 3468 les
924 3416 1222 3481 precedente,
1246 3417 1324 3465 fut
1336 3430 1451 3465 sans
1472 3415 1711 3465 contredit
1731 3416 1777 3464 le
1801 3417 1913 3480 plns
1935 3419 2100 3482 grand
2121 3428 2328 3471 orateur

477 3516 537 3566 de
558 3521 679 3566 cette
709 3516 909 3578 epoque.
940 3510 1008 3562 Le
1037 3507 1244 3577 premier
1271 3507 1431 3575 parmi
1458 3508 1529 3557 les
1564 3507 1794 3558 Romains
1826 3516 1976 3559 usant
2012 3509 2074 3559 de
2105 3516 2219 3559 tous
2253 3513 2326 3562 les
