2592 4084
296 509 578 572 adspexerit
596 509 787 571 judices
824 521 832 528 ·

295 576 543 623 intuentes
571 584 769 633 erectos,

295 650 353 689 ut
379 642 635 689 videantur

296 718 385 754 aut.
407 707 571 755 doceri
593 708 649 755 de
672 723 739 768 re,

294 774 597 836 probat-eque
619 773 763 821 etism
784 772 836 821 id
858 773 1033 838 vultu;

295 849 386 886 aut
409 839 586 887 viderit
608 841 723 888 illos

296 907 453 953 teneri
478 907 618 966 quasi
641 920 895 969 suspensos

300 972 539 1030 oratione,

296 1037 428 1085 sicut
449 1051 584 1084 avem
608 1038 772 1100 aliquo
796 1044 971 1094 cantu3

297 1110 402 1159 aut,
427 1103 555 1164 quod
578 1114 648 1151 est
666 1104 876 1151 maxime
894 1118 1032 1165 opus,

296 1183 402 1216 esse
426 1171 729 1230 perturbatos

295 1235 634 1282 vehementius

296 1301 640 1357 misericordia,
672 1301 799 1360 odio,

298 1366 463 1428 aliquo
485 1375 622 1414 motu
647 1370 799 1414 animi
820 1386 833 1424 3

299 1432 342 1479 si
365 1435 639 1495 praeteriens
660 1439 732 1494 (ut
759 1434 902 1494 dixi),

299 1497 573 1562 adspexerit
595 1515 670 1553 es,

299 1564 344 1612 si
366 1566 571 1613 audierit
593 1566 737 1623 nihil,

298 1630 541 1695 intelliget
570 1642 732 1679 tamen
757 1631 971 1693 profecto

299 1704 538 1745 oratorem
563 1700 741 1746 versari

300 1764 355 1811 in
377 1764 463 1812 illo
482 1763 691 1824 judicio,

301 1837 350 1876 et
380 1845 500 1892 opus
520 1834 788 1877 oratorium
810 1828 939 1885 fieri,

301 1902 388 1942 aut
404 1896 510 1956 jam
536 1898 797 1955 perfectum
824 1911 942 1942 esse.

368 1961 456 2009 LV
511 1960 673 2019 Quum
699 1962 1032 2010 disseruissem

299 2026 410 2073 haec
424 2061 437 2083 ,

298 2100 507 2153 uterque
532 2108 754 2140 assensus
772 2103 843 2143 est

300 2166 350 2205 et
369 2173 460 2220 ego
483 2159 677 2206 ordiens

298 2230 537 2286 tanquam
563 2225 622 2272 de
646 2227 836 2288 integro
858 2243 869 2272 ε

301 2289 512 2350 Quando
537 2291 706 2353 igitur,
735 2293 953 2355 inquam.

303 2357 462 2407 omnis
481 2356 586 2404 haee
605 2359 760 2405 oratio

302 2422 448 2470 fiuxit
470 2438 499 2470 a
520 2422 662 2471 Cotta
683 2431 731 2471 et
748 2423 982 2489 Sulpicio,

303 2503 453 2550 quum
477 2489 708 2537 dixissem

301 2553 393 2602 hos
422 2557 633 2604 maxime
657 2557 885 2619 probatos

298 2620 486 2683 judicio
505 2623 705 2670 illorum
726 2623 983 2672 hominum

304 2699 350 2734 et
376 2687 509 2735 illius
529 2690 707 2746 aetstis,

304 2764 516 2801 revertar
538 2754 598 2801 ad
619 2770 700 2802 eos
719 2755 875 2818 ipsos;

302 2826 410 2866 tum
434 2819 674 2882 deinceps,

301 2900 563 2948 persequar
587 2894 788 2944 ceteros,

301 2958 359 2999 ut
381 2952 593 3002 institui.

371 3017 617 3079 Quoniam
640 3033 756 3082 ergo

305 3082 402 3132 duo
423 3099 603 3147 genere
625 3095 739 3133 sunt

301 3150 543 3199 bonorum
565 3160 832 3206 oratorum,

302 3216 589 3278 (qum-imus
608 3218 738 3266 enim
762 3217 869 3278 hos)

302 3298 459 3331 unum
491 3284 756 3332 dicentium

304 3356 552 3397 attenuate
573 3365 841 3413 presseque

303 3414 514 3462 alterum
546 3418 731 3463 sublate
771 3415 1044 3480 ampleque,

305 3479 398 3528 etsi
421 3480 473 3527 id
495 3489 568 3528 est
589 3483 783 3543 melius,

305 3545 441 3609 quod
463 3546 763 3609 splendidius

1087 392 1324 441 BRUTUS
1334 422 1347 435 .
2026 381 2060 434 2
2074 381 2150 437 1⁷

1092 522 1215 555 aura
1240 523 1306 554 vu
1329 507 1396 554 les
1416 508 1562 570 juges

1091 574 1355 637 regat-dant
1388 574 1602 622 attentifs

1090 640 1148 686 de
1168 641 1383 688 muniere
1405 641 1549 702 qu’ils
1568 643 1836 703 psi-sissent

1089 721 1153 752 ou
1176 710 1275 753 &tre
1295 708 1518 754 instruits
1546 706 1604 754 de
1624 707 1826 754 l'affsire

1088 781 1135 819 et
1153 787 1423 834 approuver
1446 774 1725 839 memehcels.
1744 788 1828 836 par
1852 778 1949 820 leur
1970 773 2072 832 εἰη

1089 853 1152 886 ou
1170 844 1210 886 si
1232 840 1267 886 il
1293 855 1414 886 aura
1437 855 1501 885 vu
1524 855 1620 886 eux

1088 906 1188 951 &tre
1213 914 1352 951 tenus
1380 920 1567 952 comme
1594 921 1653 953 en
1680 921 1880 966 suspens

1088 985 1178 1031 par
1197 971 1241 1017 le
1268 971 1503 1027 discours,

1090 1034 1148 1083 de
1173 1039 1327 1083 meme
1352 1053 1444 1098 que
1474 1053 1541 1084 un
1574 1038 1735 1084 oiseau
1758 1051 1846 1097 par
1873 1051 1939 1083 un
1966 1037 2164 1099 chent&

1089 1116 1170 1155 ou,
1194 1118 1246 1149 ee
1269 1105 1348 1164 qui
1375 1111 1448 1151 est
1470 1110 1662 1151 surtout
1687 1105 1968 1158 necessaire,

1088 1169 1190 1215 &tre
1213 1170 1428 1216 troubles

1088 1235 1348 1282 fortement
1544 1286 1550 1295 ,

1089 1315 1177 1362 par
1202 1301 1251 1348 la
1275 1302 1409 1362 pitie,
1437 1315 1523 1362 par
1549 1300 1599 1346 la.
1619 1299 1781 1356 haine,

1091 1382 1176 1427 par
1201 1369 1407 1429 quelque
1431 1375 1738 1412 mouvement
1762 1369 1820 1412 de
1841 1367 2008 1423 Ρὲιηθς

1091 1432 1131 1479 si
1158 1448 1216 1478 en
1238 1439 1434 1494 pussant
1457 1434 1660 1493 (comme
1678 1431 1768 1495 j'ai
1789 1433 1897 1493 dit),

1089 1497 1128 1545 il
1148 1514 1269 1545 sura
1293 1515 1354 1545 vu
1381 1515 1456 1546 ces
1480 1501 1615 1558 effen,

1091 1566 1137 1610 si
1158 1565 1194 1610 il
1221 1580 1343 1613 aurs.
1364 1565 1576 1612 entendu
1599 1565 1723 1621 rien,

1089 1630 1126 1677 il
1150 1632 1466 1692 comprendrs
1486 1630 1769 1677 neanmoins
1791 1632 2094 1680 assurement

1090 1710 1158 1742 un
1184 1707 1378 1745 orateur
1408 1713 1456 1744 se
1483 1704 1675 1743 trouver

1093 1762 1214 1809 dans
1233 1778 1286 1809 ce
1308 1765 1579 1826 jugement,

1090 1836 1137 1875 et
1161 1829 1361 1876 l'oeuvre
1383 1831 1440 1876 de
1465 1829 1762 1890 l’eloquenoe
1785 1843 1808 1875 s
1809 1828 2116 1891 'accomplir,

1092 1910 1152 1942 ou
1182 1895 1289 1953 dein
1309 1899 1408 1942 &tre
1432 1895 1652 1942 achevee.

1157 1959 1261 2008 LV.
1296 1962 1533 2011 Comme
1513 1977 1533 2022 J
1541 1962 1690 2007 ’avais
1716 1962 1890 2022 expose
1914 1976 1991 2008 ces

1091 2028 1221 2084 ide'es,

1093 2093 1200 2140 l’un
1224 2099 1271 2140 et
1293 2091 1471 2138 l’autre
1490 2108 1755 2156 appronva,

1092 2168 1142 2206 et
1166 2161 1261 2205 moi
1285 2167 1621 2221 commeneant

1093 2238 1281 2272 comme
1307 2225 1364 2272 de
1387 2240 1609 2271 nouveau
1635 2244 1648 2275 ε

1093 2291 1307 2353 Puisque
1332 2290 1472 2348 donc,
1501 2290 1668 2353 dis-je,
1707 2314 1717 2329 s

1095 2363 1229 2404 toute
1253 2365 1375 2403 cette
1396 2358 1667 2419 digression

1094 2431 1167 2470 est
1194 2437 1346 2469 venue
1371 2423 1429 2468 de
1450 2423 1591 2470 Cotta
1614 2432 1661 2471 et
1693 2424 1951 2487 Sulpicius,

1094 2505 1276 2537 comme
1293 2488 1471 2551 j'avais
1494 2489 1565 2535 dit

1095 2557 1287 2603 ceux-ci
1313 2557 1381 2602 les
1404 2557 1514 2615 plus
1535 2558 1725 2603 estimes

1095 2637 1159 2669 au
1178 2622 1434 2684 jugement
1458 2620 1516 2668 de
1538 2638 1615 2669 ces
1641 2622 1858 2672 hommes

1096 2694 1145 2736 et
1171 2687 1228 2735 de
1253 2702 1304 2734 ce
1326 2687 1486 2744 siecle,

1093 2755 1143 2815 ,ie
1165 2753 1438 2801 reviendrai
1462 2757 1491 2800 s
1513 2756 1725 2803 ceux-Is
1754 2759 1957 2824 memes5

1095 2821 1205 2882 puis
1229 2823 1417 2868 ensuite

1092 2886 1144 2962 je
1174 2887 1452 2949 parcourrsi
1477 2886 1546 2934 les
1572 2893 1753 2947 autres,

1098 2954 1225 3001 ainsi
1254 2969 1346 3014 que
1374 2957 1389 3012 j
1395 2954 1459 2999 'ai
1483 2957 1776 3003 commence-

1163 3019 1378 3082 Puisque
1402 3019 1526 3066 donc

1098 3084 1225 3133 deux
1242 3089 1431 3148 especes
1450 3088 1655 3133 existent

1097 3152 1156 3199 de
1179 3153 1300 3199 bons
1323 3163 1561 3210 orateurs,

1098 3220 1197 3277 (ear
1221 3233 1346 3265 nous
1369 3217 1634 3265 cherchons
1655 3219 1874 3280 ceux-ci)

1096 3283 1230 3331 l'une
1260 3284 1813 3345 de·ceux·qui-psrlent

1098 3351 1403 3412 simplemeiit
1423 3359 1471 3396 et
1497 3349 1831 3411 precisement,

1098 3415 1133 3463 1’
1138 3426 1275 3462 autre
1306 3431 1421 3463 avec
1443 3416 1681 3464 elevation
1700 3424 1748 3464 et
1767 3414 2072 3472 abondance,

1098 3481 1210 3528 bien
1231 3497 1322 3543 que
1340 3484 1443 3529 cels
1470 3484 1560 3528 soit
1582 3483 1819 3542 meilleur,

1102 3549 1185 3609 qui
1208 3557 1278 3594 cst
1303 3549 1412 3610 plus
1439 3549 1652 3594 eelatan*
