2592 4084
467 398 586 458 ³9¹2
1258 411 1521 459 mxu-rus·

469 530 519 587 si
544 527 770 603 quidem
809 524 1023 583 similes
1055 525 1284 598 majoris
1308 528 1484 600 partis
1533 533 1816 586 oratorum
1853 530 2025 589 futuri
2073 551 2268 593 sumus
2284 535 2313 591 ⁴?

471 636 668 691 Nonne
701 630 987 688 cernimus
1013 630 1103 689 vix
1124 631 1360 705 singulis
1390 632 1641 690 aetatibus
1664 633 1822 692 binos
1846 642 2094 695 oratores
2118 638 2317 697 lauda-

468 739 609 798 biles
629 736 982 796 constitisse?
1002 736 1188 795 Galba
1200 737 1477 796 finitinter
1500 745 1585 796 tot
1601 740 1845 813 aquales
1859 758 2004 800 unus
2013 746 2315 816 excellenS,

468 845 580 916 cui,
605 842 1076 918 quemadmodum
1107 823 1445 917 accepimus,
1479 851 1536 901 et
1574 845 1709 902 Cato
1741 846 1974 904 cedebat
2022 850 2231 922 senior,
2260 857 2318 908 et

470 950 566 1026 qui
593 948 935 1022 temporibus
958 948 1072 1006 illis
1091 954 1250 1006 aetate
1273 949 1564 1008 inferiores
1581 950 1827 1024 fuerunt,
1836 951 2077 1025 Lepidus
2099 962 2311 1029 postea,

469 1054 670 1114 deinde
698 1054 876 1110 Carbo
905 1070 919 1109 ε
959 1068 1088 1109 nam
1110 1051 1342 1109 Gracchi
1389 1052 1446 1109 in
1484 1053 1835 1112 concionibus
1863 1055 2040 1114 multo
2064 1057 2314 1117 faciliore

472 1166 529 1217 et
551 1159 810 1217 liberiore
834 1175 1037 1233 genere
1067 1159 1285 1215 dicendi
1306 1177 1322 1231 ;
1347 1174 1583 1232 quorum
1607 1166 1793 1219 tamen
1814 1162 2061 1235 ipsorum
2086 1166 2158 1222 ad
2180 1171 2314 1223 aeta-

469 1274 583 1325 tem
611 1267 736 1324 laus
758 1265 1087 1339 eloquentiae
1115 1265 1362 1339 perfecta
1384 1267 1631 1323 nondum
1644 1266 1751 1324 fuit
1780 1284 1794 1322 ε
1827 1268 2115 1342 Antonius,
2145 1273 2314 1329 Cras-

470 1393 585 1447 sus,
601 1381 725 1447 post
763 1376 941 1443 Cotta,
983 1371 1278 1445 Sulpicius,
1316 1373 1682 1431 Hortensius:
1715 1374 1851 1431 nihil
1878 1374 2000 1432 dico
2034 1376 2311 1448 amplius;

468 1487 682 1538 tantum
716 1480 862 1551 dico,
910 1480 959 1536 si
986 1479 1120 1538 mihi
1153 1478 1468 1549 accidisset,
1491 1484 1556 1536 ut
1579 1495 1908 1538 numerarer
1938 1480 1997 1537 in
2023 1481 2227 1556 multis,
2257 1483 2309 1538 si

472 1600 707 1659 operosa
732 1592 817 1643 est
842 1585 1186 1642 concursatio
1223 1584 1402 1657 magis
1444 1591 1971 1658 opportunorum...

470 1869 570 1918 ami
583 1905 598 1929 ,
632 1868 832 1919 heritier
864 1868 923 1917 de
953 1875 1077 1917 cette
1105 1876 1307 1916 suante
1336 1866 1494 1926 eccle,
1523 1868 1565 1916 si
1591 1882 1717 1916 nous
1746 1867 1947 1917 devions
1970 1867 2259 1917 ressembler
2285 1871 2317 1918 ὲ

470 1963 520 2013 Ιι
548 1963 661 2027 plus
691 1960 880 2028 grande
910 1962 1064 2026 partie
1092 1960 1151 2011 de
1180 1974 1305 2010 ceux
1335 1959 1421 2023 qui
1452 1959 1645 2024 perient
1670 1975 1732 2010 en
1762 1958 1965 2024 public?
1993 1960 2071 2012 Ne
2098 1975 2316 2024 voyons-

471 2068 596 2103 nous
631 2068 719 2117 pus
751 2054 866 2116 qu’s
901 2053 1040 2116 peine
1075 2051 1261 2114 chaque
1297 2051 1585 2113 generation
1622 2065 1654 2099 s
1689 2050 1890 2116 produit
1923 2050 2056 2102 deux
2096 2060 2313 2103 orateurs

469 2141 784 2193 estimables?
819 2142 980 2192 Galba.
1014 2141 1200 2190 excelle.
1235 2140 1342 2190 seul
1377 2143 1537 2206 parmi
1571 2148 1683 2192 tous
1717 2158 1843 2193 ceux
1883 2142 1943 2193 do
1979 2158 2070 2194 son
2106 2146 2228 2208 age,
2264 2150 2313 2192 et

470 2251 596 2287 nous
623 2250 800 2285 sevons
828 2236 950 2298 qu'il
982 2249 1045 2284 ne
1074 2236 1153 2284 fut
1180 2235 1321 2299 &gale
1352 2234 1407 2284 ni
1437 2250 1526 2299 pur
1550 2235 1734 2295 Coton,
1770 2236 1857 2299 qui
1885 2237 2003 2286 etsit
2034 2237 2146 2300 plus
2170 2237 2317 2285 vieux

469 2345 562 2394 que
589 2330 690 2389 lui,
723 2331 775 2379 ni
798 2343 888 2393 par
912 2327 1040 2378 deux
1068 2336 1230 2378 autres
1254 2328 1642 2391 contemporsins
1668 2328 1753 2391 qui
1783 2329 1964 2379 etaient
1985 2329 2098 2394 plus
2119 2330 2310 2393 jeunes,

468 2423 681 2488 Lepidus
714 2429 762 2472 ot
805 2422 994 2472 ensuite
1032 2421 1245 2472 carbon.
1293 2421 1461 2483 Qusnt
1511 2436 1611 2469 eux
1650 2420 1922 2484 Grsoques,
1967 2422 2098 2470 leurs
2128 2420 2311 2468 buran-

469 2529 590 2579 gues
620 2528 670 2562 se
705 2513 1011 2576 distinguent
1048 2528 1135 2576 par
1166 2529 1233 2562 un
1265 2514 1393 2576 style
1426 2514 1540 2578 plus
1575 2512 1721 2562 facile
1755 2521 1803 2562 et
1836 2527 1933 2561 une
1961 2511 2157 2560 marche
2194 2511 2312 2574 plus

467 2607 610 2656 libre.
633 2605 882 2656 Toutei'ois
914 2607 1212 2668 l’eloquenoe
1243 2607 1420 2656 n’etnit
1443 2621 1532 2671 pes
1551 2620 1726 2656 encore
1752 2605 1812 2656 de
1838 2605 1945 2655 leur
1964 2610 2117 2666 temps
2146 2604 2317 2668 portee

468 2702 499 2747 ii
522 2714 576 2747 ss
597 2699 879 2764 perfectioni.
909 2698 1057 2748 Enfln
1089 2705 1323 2760 perurent
1342 2699 1577 2758 Autome,
1607 2699 1831 2758 Crassus,
1866 2697 1975 2762 puis
1999 2696 2165 2757 cotta,
2198 2694 2322 2748 Sul-

469 2791 655 2855 picius,
691 2790 998 2839 Hortensius.
1035 2787 1112 2840 Je'
1131 2790 1244 2839 n’en
1279 2790 1358 2839 dis
1394 2806 1480 2856 pus
1512 2791 1816 2856 daventege3
1848 2789 1898 2854 je
1937 2788 2013 2839 dis
2047 2790 2329 2840 seulement

468 2897 582 2948 que,
601 2882 681 2932 s’il
706 2883 895 2930 m’etnit
918 2881 1080 2930 arx-ive
1117 2880 1266 2933 d'etro
1301 2885 1548 2934 confondu
1582 2883 1705 2934 dans
1733 2885 1785 2933 ls
1816 2883 1977 2944 seule,
2018 2883 2322 2947 quoiqu’une

466 2978 577 3042 plus
609 2973 793 3039 grande
821 2988 1147 3025 concuti-enee
1170 2974 1229 3025 de
1255 2978 1436 3026 tulents
1458 2976 1607 3027 rende
1634 2978 1681 3026 le
1711 2975 1956 3039 triomphe
1981 2975 2094 3040 plus
2119 2973 2318 3024 difficile

463 3088 559 3135 qno
591 3072 770 3138 jamnis
783 3100 950 3120 ........
