2592 4084
442 233 561 290 260
1226 246 1497 292 neurus,

438 360 594 417 nulla
612 359 928 427 verborum,
954 359 1106 416 nullo
1128 361 1238 417 alio
1265 360 1431 433 bono,
1451 362 1628 418 tenuit
1655 368 1932 419 oratorum
1953 362 2168 436 locum;
2201 365 2304 420 sic

438 448 539 502 Cn.
562 444 823 501 Lentulus
850 438 1159 501 ceterarum
1182 445 1448 503 virtutum
1476 445 1693 502 dicendi
1717 447 2157 503 mediocritatem
2182 464 2299 504 ac-

436 529 588 586 tione
616 526 931 599 occultavit,
957 528 1015 582 in
1058 545 1169 601 qua
1196 529 1470 585 excellens
1505 529 1626 584 fuit.
1668 532 1859 602 Neque
1898 530 2072 587 multo
2110 548 2299 587 secus

435 616 501 669 P.
530 611 812 683 LentuluS,
842 610 1002 683 cujus
1026 617 1081 668 et
1104 613 1458 685 excogitandi
1476 619 1546 668 ·et
1570 612 1832 685 loquendi
1860 614 2178 670 tarditatem
2200 620 2298 670 te-

435 697 603 769 gebat
621 695 813 751 formae
837 695 1101 768 dignitas,
1125 697 1373 768 corporis
1395 704 1576 752 motus
1601 696 1797 769 plenus
1833 701 1890 754 et
1919 699 2058 753 artis
2088 705 2150 753 et
2177 715 2295 753 ve-

436 779 692 850 nustatis»,
728 783 883 835 vocis
919 786 975 834 et
1008 779 1251 837 suavitas
1282 786 1344 835 et
1383 778 1729 851 magnitudo.
1769 780 1857 835 Sic
1896 781 1954 834 in
1990 781 2093 836 hoc
2138 781 2296 838 nihil

433 870 636 936 praeter
659 863 934 920 actionem
961 863 1098 934 fuit3
1140 871 1325 920 cetera
1355 865 1522 921 etiam
1561 865 1795 931 minora,
1820 881 1988 938 quam
2020 866 2075 920 in
2107 882 2293 937 supe·

435 964 596 1004 nore.

502 1034 704 1089 LXVII.
763 1033 840 1087 M.
887 1031 1013 1087 Piso
1056 1029 1328 1102 quidquid
1371 1028 1583 1101 habuit,
1630 1030 1822 1087 habuit
1860 1048 1921 1087 ex
1958 1031 2291 1105 disciplina,

432 1116 781 1190 maximeque
806 1132 871 1171 ex
893 1114 1167 1186 omnibuS,
1198 1113 1294 1186 qui
1326 1120 1454 1168 ante
1489 1113 1741 1186 fuerunt,
1777 1116 1980 1172 Graecis
2007 1117 2295 1173 doctrinis

434 1200 686 1259 eruditus
727 1199 850 1255 fuit.
892 1198 1096 1255 Habuit
1139 1214 1173 1253 a
1218 1204 1419 1252 natura
1454 1214 1634 1270 genus
1678 1198 1958 1271 quoddam
2000 1201 2294 1258 acuminis

431 1285 600 1358 (quod
629 1284 793 1340 etiam
845 1288 960 1339 arte
994 1282 1326 1352 limaverat),
1370 1281 1517 1353 quod
1552 1287 1673 1337 erat
1705 1283 1761 1336 in
1798 1283 2295 1355 reprehendendis

428 1369 616 1428 verbis
635 1373 919 1425 versutum
942 1373 1002 1423 et
1025 1366 1220 1436 solere,
1255 1364 1354 1421 sed
1381 1381 1527 1437 saepe
1556 1366 1985 1437 stomachosum,
2013 1383 2292 1426 nonuun-

430 1466 597 1524 quam
619 1449 904 1521 frigidum‚
943 1447 1226 1505 interdum
1255 1449 1424 1504 etiam
1449 1447 1711 1503 facetum.
1742 1451 1795 1503 Is
1815 1448 2079 1514 laborem,
2108 1453 2294 1523 quasi

431 1549 651 1589 cursum
692 1533 993 1603 forensem,
1032 1531 1237 1589 diutius
1281 1547 1392 1587 non
1422 1532 1569 1602 tulit,
1612 1532 1758 1605 quod
1802 1539 1857 1589 et
1884 1549 2114 1606 corpore
2150 1544 2293 1593 erat

429 1617 666 1688 infirmo,
698 1624 756 1674 et
780 1615 1066 1673 hominum
1091 1616 1327 1687 ineptias
1364 1632 1429 1672 ac
1459 1615 1741 1687 stultitiae,
1775 1633 1898 1690 quae
1936 1619 2291 1678 devorandae

427 1701 589 1757 nobis
613 1708 764 1774 sunt,
793 1716 903 1757 non
929 1700 1164 1765 ferebat,
1199 1699 1629 1771 iracundiusque
1657 1699 1974 1772 respuebat,
2005 1700 2124 1757 sive
2144 1718 2290 1760 mo-

427 1897 574 1945 dante
589 1929 602 1954 ‚
627 1894 756 1943 tenir
784 1906 871 1941 aon
895 1905 1021 1954 rang
1056 1889 1212 1953 parmi
1236 1888 1309 1935 les
1330 1892 1548 1934 orateur-e
1574 1901 1587 1932 ε
1624 1883 1683 1932 de
1705 1885 1860 1932 meme
1881 1884 1975 1934 Cn.
1998 1884 2283 1950 Lentulus,

425 1976 664 2025 mediocre
696 1973 818 2021 dans
851 1971 923 2019 lea
960 1978 1123 2017 autres
1158 1968 1337 2030 parties
1358 1965 1416 2012 de
1452 1965 1762 2026 veloquence,
1799 1963 2039 2012 rachetait
2069 1980 2148 2014 sea
2180 1966 2287 2016 de-

425 2054 555 2102 fauta
589 2067 677 2116 par
703 2051 902 2099 l’action
919 2084 932 2108 ,
965 2047 1086 2095 dana
1108 2046 1318 2109 laquelle
1352 2045 1389 2092 il
1410 2044 1651 2093 excelluit.
1676 2042 1812 2091 Nous
1834 2056 1895 2090 en
1922 2042 2086 2091 dirona
2118 2047 2152 2092 a
2174 2060 2286 2109 peu

424 2136 534 2197 pres
555 2137 730 2181 autent
757 2130 814 2177 de
835 2129 896 2178 P.
922 2128 1174 2176 Lentulus.
1206 2125 1278 2174 La
1302 2124 1491 2188 dignito
1515 2118 1575 2171 de
1594 2138 1648 2170 ea
1669 2137 1931 2186 personne,
1965 2138 2040 2172 aes
2061 2138 2283 2176 mouve-

422 2218 580 2262 ments
609 2211 769 2274 pleins
800 2208 930 2255 d'art
961 2206 1094 2255 aussi
1116 2205 1231 2252 bien
1257 2219 1350 2267 que
1380 2203 1438 2251 de
1472 2204 1640 2266 gracco
1662 2200 1944 2260 naturallea,
1975 2201 2027 2250 la
2050 2202 2283 2257 douceur

421 2301 470 2342 et
496 2290 736 2342 l’etendue
758 2288 816 2337 de
847 2303 900 2335 sa
920 2288 1060 2345 voix,
1096 2285 1322 2335 faieaient
1350 2284 1538 2332 oublier
1568 2282 1618 2330 la
1640 2281 1842 2330 sternite
1871 2281 1932 2330 de
1960 2297 2046 2330 aon
2072 2284 2283 2349 imagi..

421 2375 589 2423 nation
615 2377 665 2420 et
687 2372 738 2419 la
758 2369 948 2419 lenteur
971 2367 1030 2415 de
1053 2382 1140 2415 eon
1165 2365 1323 2431 debit;
1351 2365 1390 2412 il
1411 2363 1570 2420 n’eut,
1591 2376 1653 2409 en
1685 2377 1753 2410 un
1776 2366 1907 2419 mot,
1932 2375 2088 2409 aucun
2117 2370 2282 2416 autre

419 2455 574 2502 taient
591 2466 684 2515 que
705 2449 831 2499 celui
862 2447 922 2496 de
948 2448 1181 2504 l’aotion3
1208 2444 1332 2492 dans
1355 2450 1462 2493 tout
1489 2445 1538 2491 le
1570 2451 1713 2499 reate,
1742 2441 1780 2489 il
1800 2442 1918 2489 etait
1939 2456 2107 2490 encore
2132 2444 2279 2495 infe.

418 2534 551 2581 rieux·
573 2534 604 2578 a
636 2530 815 2579 Gneus.

484 2607 687 2658 LXVII.
714 2607 787 2656 M.
809 2604 961 2655 Pieon
999 2603 1087 2651 dut
1119 2608 1228 2651 tout
1259 2603 1290 2649 a
1316 2601 1523 2659 l'etude;
1549 2605 1600 2648 et
1616 2599 1676 2649 de
1697 2614 1823 2649 ceux
1854 2602 1939 2664 qui
1959 2600 2004 2650 le
2032 2602 2274 2666 precede·

415 2696 542 2745 rent,
583 2701 671 2748 pao
703 2700 771 2733 un
810 2697 873 2732 ne
897 2683 974 2731 fut
1007 2681 1137 2729 aussi
1165 2678 1374 2742 profond
1398 2694 1491 2742 que
1518 2679 1594 2728 lui
1628 2678 1749 2731 dans
1773 2679 1846 2727 les
1888 2681 2101 2730 acienoee
2130 2682 2191 2731 de
2212 2684 2276 2735 12

413 2767 586 2817 Grece.
612 2765 658 2815 11
677 2765 832 2813 tenait
855 2762 912 2810 de
939 2761 990 2808 la
1026 2768 1200 2807 nature
1233 2774 1304 2806 nn
1342 2774 1492 2824 genre
1522 2759 1581 2808 de
1608 2758 1783 2809 fineaee
1813 2775 1905 2823 que
1936 2761 2052 2811 l'art
2070 2764 2274 2826 perseo—

413 2850 583 2896 tionna
633 2845 902 2906 beaucoup,
944 2847 994 2889 et
1029 2841 1114 2901 qui
1141 2839 1395 2888 consistait
1426 2840 1456 2889 a
1488 2839 1690 2900 relever,
1729 2854 1818 2904 par
1857 2854 1954 2889 une
1993 2842 2184 2894 adroite
2213 2854 2273 2896 et

413 2927 694 2991 ingenienae
734 2923 941 2984 critique
956 2953 970 2979 ,
1034 2919 1106 2966 lea
1156 2919 1347 2983 parolee
1394 2918 1454 2968 de
1506 2934 1597 2968 aon
1641 2918 1961 2981 adversaire3
2006 2924 2136 2972 mais
2182 2940 2271 2976 aaa

411 3021 689 3069 remarquee
723 3004 905 3054 etaient
949 3007 1154 3051 souvent
1182 3002 1510 3065 passionnem,
1557 3002 1856 3066 quelquefoia
1900 3019 1971 3053 un
2014 3020 2110 3069 peu
2132 3007 2271 3056 froi-

410 3089 512 3145 dee,
561 3087 775 3135 d’autree
827 3083 921 3132 foia
969 3082 1101 3130 aussi
1150 3082 1268 3129 d'un
1317 3082 1415 3131 bon
1457 3089 1543 3131 ton
1587 3082 1646 3131 de
1674 3081 2003 3146 plaiaanterie.
2041 3084 2267 3150 Promp-

407 3175 589 3217 tement
632 3165 819 3229 fatigue
885 3162 953 3211 du
1003 3162 1210 3210 barreau
1234 3197 1248 3220 ,
1303 3162 1341 3212 il
1396 3163 1483 3227 n’y
1538 3162 1725 3212 fournit
1778 3177 1870 3226 pas
1916 3179 2015 3212 une
2070 3165 2264 3230 longua

406 3263 613 3303 course:
643 3261 700 3295 aa
723 3246 861 3296 eante
891 3245 1011 3293 etait
1032 3244 1300 3302 mauvaise,
1335 3253 1383 3294 et
1411 3245 1449 3294 il
1469 3260 1531 3293 ne
1548 3245 1819 3308 supportait
1852 3260 1940 3309 pas
1962 3246 2036 3293 les
2061 3250 2263 3297 sottisea

404 3337 453 3377 et
495 3330 565 3378 les
605 3326 978 3392 impertinencee
1022 3326 1144 3388 qu’il
1183 3340 1308 3375 nous
1358 3328 1467 3374 faut
1500 3325 1729 3384 devoret-3
1770 3324 1809 3374 il
1857 3326 1928 3374 les
1976 3328 2263 3388 repoueeait

405 3422 519 3459 avec
552 3423 650 3458 une
681 3409 994 3474 indignation
1034 3409 1183 3472 qu’on
1223 3408 1479 3458 attribuait
1502 3408 1533 3454 a
1562 3421 1658 3455 une
1691 3407 1899 3456 bumeur
1920 3405 2182 3472 chagrine,
2206 3419 2266 3459 et
