2592 4084
431 280 547 338 208
1225 286 1491 333 mxu-Tus·

428 403 757 476 elegantius,
777 405 873 457 aut
892 400 1114 456 omnino
1133 399 1335 457 melius
1355 403 1452 455 aut
1474 402 1841 469 exspectaret,
1860 402 1955 452 aut
1970 412 2132 468 posse
2157 396 2291 454 fieri

428 489 688 566 putaret?
730 492 912 557 Quum
955 489 1003 545 is
1041 489 1148 545 hoc
1193 488 1426 560 probare
1472 485 1662 557 vellet,
1705 484 1777 539 M'
1812 485 2061 556 Curium,
2109 502 2292 559 quum

428 579 505 634 ita
542 577 711 633 heres
750 577 1035 632 institutus
1075 582 1240 646 esset,
1273 576 1322 630 si
1366 572 1609 647 pupillus
1649 578 1774 627 ante
1817 576 2071 627 mortuus
2112 579 2288 647 esset,

428 682 597 739 quam
621 666 680 720 in
715 680 874 720 suam
913 663 1146 719 tutelam
1173 663 1437 733 venisset,
1474 659 1686 733 pupillo
1723 674 1833 714 non
1860 665 1990 716 nato
2017 660 2289 717 heredem

430 770 554 812 esse
578 769 688 809 non
708 767 906 824 posse3
947 750 1079 823 quid
1104 749 1199 805 ille
1222 765 1335 804 non
1364 747 1503 803 dixit
1541 746 1610 802 de
1636 751 2099 803 testamentorum
2118 748 2293 820 jure?

326 899 330 903 ⁴
432 842 500 898 de
525 839 767 913 antiquis
788 837 1082 895 formulis?
1110 837 1282 911 quid?
1309 835 1775 910 quemadmodum
1807 834 1977 891 scribi
2015 838 2293 909 oportuis-

428 936 534 999 set,
561 930 607 983 si
635 928 802 985 etiam
831 926 945 983 filio
974 942 1085 982 non
1132 932 1258 981 nato
1297 925 1464 980 heres
1505 922 1911 995 institueretur3
1944 940 2114 996 quam
2152 942 2285 999 cap-

431 1019 636 1075 tiosum
656 1023 804 1073 esset
825 1014 1049 1089 populo,
1071 1014 1218 1087 quod
1238 1013 1507 1085 scriptum
1522 1010 1928 1084 esset,negligi,
1950 1018 2007 1068 et
2027 1015 2287 1085 opinione

438 1106 608 1180 quaeri
635 1103 970 1175 voluntates,
998 1108 1056 1158 et
1076 1100 1526 1174 interpretatione
1555 1099 1888 1156 disertorum
1923 1100 2134 1172 scripta
2160 1103 2293 1158 sim-

433 1194 663 1266 plicium
680 1193 966 1248 hominum
990 1196 1306 1261 pervertere
1320 1187 1348 1242 ἶ)
1370 1189 1546 1255 Quam
1566 1186 1659 1242 ille
1679 1187 1853 1243 multa
1873 1187 1943 1245 de
1960 1189 2289 1247 auctoritate

434 1282 606 1353 patris
628 1280 738 1346 sui,
765 1280 862 1351 qui
884 1292 1114 1349 semper
1141 1277 1235 1349 jus
1262 1276 1403 1331 illud
1438 1268 1574 1333 esse*
1591 1275 1951 1333 defenderat?
1978 1293 2146 1349 quam
2175 1293 2290 1335 om-

434 1370 565 1425 nino
588 1367 762 1424 multa
789 1368 857 1423 de
887 1365 1266 1422 conservando
1304 1364 1431 1436 jure
1470 1362 1666 1421 civili?
1696 1379 1819 1436 quae
1842 1363 2070 1437 quidem
2103 1367 2294 1423 omnia

432 1473 605 1530 quum
632 1455 808 1528 perite
838 1460 894 1510 et
917 1453 1176 1526 scienter,
1206 1460 1326 1507 tum
1360 1452 1436 1507 ita
1464 1451 1729 1522 breviter,
1756 1457 1812 1507 et
1836 1467 2051 1524 presse,
2076 1459 2134 1509 et
2155 1456 2292 1510 satis

437 1549 648 1613 ornate,
691 1546 747 1598 et
787 1541 1174 1613 pereleganter
1215 1541 1454 1609 diceret3
1493 1540 1619 1612 quis
1662 1543 1808 1595 esset
1843 1539 1899 1594 in
1937 1542 2163 1615 populo,
2193 1543 2290 1616 qui

354 1618 361 1629 ’
434 1637 533 1687 aut
553 1634 915 1702 exspectaret,
944 1635 1040 1686 aut
1061 1627 1181 1684 fieri
1207 1644 1372 1699 posse
1401 1627 1703 1700 quidquam
1729 1627 1930 1684 melius
1955 1630 2224 1699 putaret?

504 1721 645 1774 LIII.
684 1721 750 1774 At
770 1732 926 1784 vero,
954 1722 1017 1772 ut
1053 1720 1248 1772 contra
1274 1718 1509 1772 Crassus
1540 1714 1610 1771 ab
1645 1713 1996 1772 adolescente
2035 1717 2284 1791 delicato,

437 1931 606 1980 vait-il
629 1928 850 1980 attendre
871 1943 935 1978 ou
970 1928 1210 1991 imaginer
1231 1929 1436 1989 quelque
1461 1927 1606 1976 chose
1631 1928 1689 1975 de
1723 1928 1833 1991 plus
1869 1928 2063 1987 acheve,
2090 1928 2148 1978 de
2178 1930 2292 1993 plus

433 2018 647 2081 elegant,
673 2014 733 2062 de
747 2013 858 2077 plus
877 2009 1056 2075 parfait
1074 2026 1135 2059 en
1157 2027 1226 2059 un
1249 2011 1395 2059 mot?
1416 2012 1615 2060 Seevola
1646 2010 1896 2060 cherchait
1914 2014 1944 2061 'a
1973 2028 2179 2076 prouver
2200 2029 2292 2076 que

436 2100 503 2148 Μ’
525 2100 721 2157 Curius,
755 2096 957 2143 institue
979 2093 1180 2142 heritier
1213 2094 1337 2141 dans
1374 2096 1419 2143 le
1453 2109 1536 2142 ces
1564 2096 1629 2143 οἰι
1663 2110 1732 2142 un
1760 2095 1838 2142 fils
1862 2097 2062 2145 nattrait
2080 2099 2110 2144 ὲ
2131 2097 2291 2161 Copo-

436 2184 568 2239 nius,
604 2190 653 2230 et
674 2179 913 2228 moun-ait
929 2187 1076 2227 avant
1097 2177 1246 2226 d’etre
1267 2179 1475 2241 majeur‚
1502 2177 1687 2226 n'avait
1709 2179 1857 2228 riena
1877 2181 2128 2239 reclamer,
2149 2197 2294 2242 parce

437 2265 556 2326 qu'il
580 2263 750 2311 n'etsit
770 2263 908 2324 point
930 2263 992 2310 ne
1014 2262 1073 2310 de
1095 2261 1189 2309 fils.
1207 2261 1313 2321 Que
1339 2277 1399 2309 ne
1419 2262 1557 2309 dit-il
1590 2277 1676 2324 pas
1703 2277 1788 2310 sur
1811 2263 1857 2310 le
1877 2269 2059 2325 respect
2094 2261 2160 2309 dn
2187 2279 2295 2312 aux

437 2352 736 2399 testaments‚
758 2359 843 2393 sur
867 2345 940 2393 les
961 2347 1221 2394 anciennes
1245 2345 1495 2402 sormules,
1524 2360 1607 2393 sur
1624 2344 1696 2392 les
1716 2345 2018 2407 expressions
2040 2345 2160 2392 dont
2188 2347 2295 2396 Co-

436 2433 612 2495 ponius
639 2431 801 2479 aurait
824 2430 889 2477 dn
911 2445 961 2478 se
994 2433 1164 2487 servir,
1191 2430 1271 2478 s’il
1301 2431 1433 2477 avait
1461 2430 1609 2477 voulu
1649 2443 1742 2492 que
1769 2429 1944 2478 Curius
1990 2430 2068 2476 siit
2089 2428 2295 2476 heritier

437 2520 593 2563 meme
611 2516 733 2563 dans
758 2514 804 2561 le
823 2529 905 2562 cas
929 2515 994 2563 ou
1015 2515 1053 2562 il
1074 2528 1137 2560 ne
1157 2512 1360 2561 naitrait
1381 2513 1518 2574 point
1542 2512 1600 2560 de
1621 2511 1718 2570 fils,
1737 2526 1822 2559 sur
1842 2513 1913 2560 les
1938 2513 2101 2576 pieges
2120 2511 2294 2559 tendas

437 2601 469 2646 ὸ
491 2600 544 2647 la
558 2600 720 2647 bonne
755 2599 824 2647 foi
852 2599 918 2645 du
945 2599 1137 2660 peuple,
1159 2599 1202 2644 si
1221 2597 1326 2644 l’on
1351 2595 1621 2658 negligeait
1639 2595 1709 2643 les
1741 2594 1887 2643 ecrite
1907 2612 2029 2658 pour
2052 2597 2297 2659 interpre—

436 2691 511 2729 ter
536 2682 928 2730 arbitrairement
955 2682 1025 2728 les
1054 2681 1336 2736 intentioris,
1378 2689 1425 2726 et
1470 2679 1743 2738 denaturer,
1783 2692 1847 2725 an
1871 2682 1957 2743 gre
1978 2680 2061 2728 des
2086 2680 2291 2740 habiles,

437 2766 509 2813 les
528 2773 656 2813 actes
681 2765 763 2812 des
786 2763 1005 2811 hommes
1033 2761 1264 2826 simples?
1289 2760 1524 2810 Combien
1545 2778 1606 2812 ne
1632 2763 1753 2812 fit-il
1773 2780 1859 2829 pas
1876 2764 2032 2812 valoir
2049 2765 2294 2812 l’autorite

439 2846 497 2894 de
517 2862 604 2895 son
627 2847 738 2910 pere
760 2847 843 2909 qui
869 2849 998 2894 nvait
1020 2847 1243 2907 touj0urs
1271 2851 1475 2893 soutenu
1510 2858 1598 2895 son
1642 2846 1878 2912 opinion?
1915 2849 2137 2897 combien
2158 2850 2195 2897 il
2217 2850 2295 2896 in·

439 2932 557 2978 sista
572 2945 658 2978 sur
683 2929 730 2978 le
755 2929 941 2992 danger
964 2929 1025 2976 de
1046 2937 1209 2991 porter
1239 2929 1439 2976 atteinte
1462 2944 1528 2978 au
1556 2930 1685 2980 droit
1702 2932 1816 2980 civil
1842 2930 1866 2980 ἰ’
1894 2933 2051 2997 Apres
2069 2933 2191 2995 qu’il
2212 2940 2295 2979 eut

439 3014 698 3079 developpe
721 3021 831 3062 tous
854 3027 934 3062 ees
958 3026 1162 3076 moyens
1202 3027 1317 3060 avec
1350 3020 1521 3061 autaut
1553 3014 1810 3064 d'habilete
1833 3023 1881 3065 et
1914 3016 1971 3065 de
2007 3017 2172 3065 savoir
2203 3031 2293 3078 que

440 3099 719 3147 debrievete
742 3105 790 3145 et
812 3097 870 3145 de
891 3096 1147 3160 precision‚
1180 3095 1303 3143 dans
1322 3111 1388 3143 un
1414 3096 1631 3146 discours
1658 3113 1788 3147 assez
1817 3103 1934 3150 orne
1963 3108 2011 3148 et
2033 3100 2178 3148 d’une
2198 3100 2296 3148 ele-

438 3196 592 3246 gance
614 3182 820 3244 pai-faite
837 3216 849 3238 ‚
876 3196 911 3245 y
934 3180 1133 3229 avait-il
1155 3195 1224 3227 un
1250 3180 1463 3239 homme,
1491 3183 1647 3244 parmi
1669 3189 1778 3232 tous
1815 3183 1886 3232 les
1908 3184 2181 3241 assistente,
2210 3185 2294 3247 qui

437 3264 661 3319 attend1t‚
684 3264 769 3327 qui
794 3279 845 3313 se
865 3264 1051 3327 figurat
1076 3267 1233 3312 meme
1247 3265 1454 3328 quelque
1472 3265 1617 3314 chose
1634 3266 1693 3315 de
1717 3265 1927 3315 mieux?

501 3348 633 3397 LIII.
671 3348 796 3396 Mais
832 3350 1060 3397 eooutons
1099 3349 1325 3398 Crassus.
1351 3349 1395 3398 Il
1429 3356 1704 3401 commence
1753 3368 1841 3416 par
1883 3358 2108 3401 raconter
2138 3354 2296 3415 qu’un

438 3431 582 3492 jeune
593 3432 790 3482 homme
803 3432 1072 3496 desoeuvre‚
1097 3448 1147 3482 se
1175 3441 1461 3497 promenant
1479 3449 1563 3483 sur
1587 3435 1633 3483 le
1651 3436 1835 3500 drage,
1870 3444 2043 3484 trouva
2064 3452 2162 3485 une
2175 3437 2298 3486 che-
