2592 4084
506 262 623 319 31⁸
1293 269 1556 317 murus.

501 404 739 463 quorum
762 386 990 459 quidem
1016 386 1159 443 alter
1186 385 1356 458 (quod
1376 384 1677 470 verisimile
1698 383 1944 456 dixisset)
1971 383 2049 440 ita
2068 384 2236 441 facile
2256 401 2356 443 so-

502 487 725 559 luteque
750 484 937 540 verbis
972 482 1234 539 volvebat
1268 483 1404 539 satis
1431 482 1707 539 interdum
1733 488 1942 550 acutaS,
1971 484 2195 539 crebras
2220 484 2350 556 qui-

419 591 430 604 ‘
504 583 631 639 dem
649 587 804 638 certe
828 582 1152 652 sententiaS,
1181 586 1244 637 ut
1269 579 1610 652 nihilposset
1635 579 1883 636 ornatius
1902 595 2047 652 esse,
2085 580 2227 636 nihil
2255 597 2351 638 ex-

504 678 763 751 peditius,
803 681 979 751 Atque
1008 678 1099 734 hic
1146 694 1183 736 a
1221 677 1503 750 magistris
1539 692 1737 749 parum
1761 676 2065 749 institutus,
2092 683 2355 733 naturam

504 776 701 833 hahuit
714 774 1097 831 admirabilem
1125 773 1197 831 ad
1226 773 1556 831 dicendum:
1613 772 1940 829 industriam
1972 788 2082 828 non
2104 789 2234 828 sum
2258 790 2357 830 ex-

503 880 697 947 pertus
715 890 730 945 3
751 872 998 930 studium
1021 879 1172 931 certe
1199 873 1345 930 fuit:
1397 874 1493 947 qui
1534 873 1584 929 si
1610 888 1698 929 me
1737 872 1930 929 audire
1966 871 2260 944 voluisset,
2292 878 2355 928 ut

504 976 743 1044 coeperat
761 972 1020 1041 honores,
1048 987 1215 1044 quam
1253 987 1407 1042 opes,
1444 971 1706 1044 consequi
1750 970 2062 1027 maluisset.
2086 999 2160 1011 —
2180 968 2352 1038 Quid-

503 1087 631 1127 nam
658 1076 765 1141 est,
779 1069 961 1142 inquit
982 1068 1133 1125 istud
1152 1069 1180 1125 ⁴?
1205 1075 1261 1125 et
1285 1070 1754 1141 quemadmodum
1776 1067 2115 1141 distinguis?
2146 1096 2215 1109 —
2238 1070 2352 1123 Hoc

503 1168 688 1240 modo,
714 1168 959 1240 inquam.
1006 1169 1186 1233 Quum
1231 1166 1406 1222 honos
1443 1166 1518 1222 sit
1539 1166 1830 1239 praemium
1871 1165 2113 1237 virtutis,
2136 1165 2351 1237 judicio

503 1265 795 1338 studioque
817 1264 1024 1321 civium
1064 1263 1309 1320 delatum
1336 1263 1409 1320 ad
1438 1264 1704 1336 aliquem,
1750 1264 1848 1336 qui
1876 1280 2005 1320 eum
2036 1262 2351 1332 sententiis,

502 1364 598 1436 qui
622 1362 902 1435 suffragiis
948 1360 1185 1435 adeptus
1218 1367 1327 1427 est,
1351 1361 1401 1417 is
1423 1361 1561 1416 mihi
1598 1367 1655 1417 et
1680 1362 1944 1419 honestus
1966 1367 2022 1417 et
2045 1361 2355 1418 honoratus

502 1458 742 1517 videtur.
767 1456 871 1525 Qui
897 1463 1082 1514 autem
1103 1456 1390 1513 occasione
1416 1456 1620 1531 aliqua,
1647 1456 1814 1514 etiam
1851 1457 2036 1515 invitis
2063 1457 2184 1514 suis
2212 1456 2356 1514 civi-

502 1555 626 1626 buS,
669 1558 862 1609 nactus
914 1560 998 1610 est
1048 1554 1367 1626 imperium,
1404 1559 1468 1610 ut
1514 1552 1610 1609 ille
1635 1554 1908 1626 cupiebat,
1951 1555 2098 1610 hunc
2152 1569 2356 1610 nomen

501 1650 724 1707 honoris
746 1651 1029 1723 adeptum,
1057 1666 1166 1707 non
1192 1651 1459 1707 honorem
1480 1656 1633 1723 puto.
1666 1652 1798 1717 Quae
1825 1650 1874 1706 si
1899 1650 1993 1707 ille
2029 1651 2223 1708 audire
2251 1666 2353 1707 vo-

501 1746 716 1818 luisset,
748 1745 984 1802 maxima
1003 1761 1129 1801 cum
1151 1746 1335 1816 gratia
1353 1752 1409 1803 et
1435 1745 1617 1819 gloria
1638 1746 1710 1803 ad
1733 1762 2008 1802 summam
2035 1745 2356 1819 amplitudi-

503 2034 582 2081 nie
604 2032 661 2079 de
678 2034 890 2095 penedes,
917 2042 1122 2081 souvent
1142 2033 1406 2094 tres—fines,
1435 2048 1550 2083 avec
1584 2042 1691 2084 tant
1717 2034 1963 2084 d'aisance
1985 2042 2034 2084 et
2056 2035 2116 2083 de
2134 2037 2346 2096 facilius,

503 2127 625 2188 qu'il
642 2126 727 2188 n'y
750 2126 882 2173 avait
900 2125 1004 2172 rien
1035 2123 1093 2172 de
1113 2124 1226 2186 plus
1248 2126 1367 2173 orne
1386 2131 1498 2174 tout
1515 2128 1545 2174 δ
1560 2126 1612 2174 la
1643 2126 1740 2175 fois
1760 2132 1809 2176 et
1835 2126 1894 2175 de
1916 2128 2026 2189 plus
2055 2128 2224 2191 rapide
2256 2142 2353 2191 que

502 2235 590 2267 son
613 2219 756 2282 style.
781 2217 825 2265 11
849 2216 937 2265 dut
958 2231 1050 2280 peu
1068 2232 1168 2265 aux
1189 2218 1354 2279 lecons
1379 2218 1463 2267 des
1483 2222 1706 2278 malti-eu
1735 2221 1859 2268 mais
1895 2221 1944 2268 la
1967 2229 2140 2269 nature
2176 2222 2356 2271 l’avait

503 2312 626 2360 done
644 2310 763 2361 d'un
794 2311 950 2358 talent
989 2310 1261 2359 admirable
1296 2325 1424 2376 pour
1456 2312 1506 2360 la
1538 2313 1722 2375 parole.
1760 2312 1858 2362 Son
1891 2314 2082 2361 activite
2108 2328 2172 2360 ne
2205 2315 2359 2364 m’est

502 2407 642 2468 point
662 2420 852 2453 connue
877 2419 965 2467 par
988 2403 1295 2467 experience3
1324 2404 1376 2468 je
1412 2404 1511 2454 sais
1543 2419 1637 2468 que
1668 2420 1758 2455 son
1791 2408 1910 2470 gout
1941 2404 1987 2454 le
2015 2405 2202 2468 portait
2240 2422 2357 2456 vers

505 2504 581 2547 eet
606 2505 697 2546 art.
732 2498 818 2546 S'il
837 2499 969 2545 avait
990 2497 1221 2545 continue
1247 2496 1492 2546 d'ecouter
1521 2511 1623 2545 mes
1660 2499 1782 2560 avis,
1809 2498 1846 2546 il
1876 2500 1958 2546 eut.
1987 2497 2253 2547 recherche
2285 2502 2357 2548 les

503 2591 752 2640 honneni-s
773 2593 934 2655 plutdt
954 2606 1047 2653 que
1065 2591 1137 2640 les
1163 2590 1451 2653 grandem-s.
1478 2618 1544 2629 —
1564 2591 2044 2652 Qu’entendez-vous
2057 2608 2147 2657 par
2172 2593 2241 2651 lii,
2284 2593 2358 2643 dit

505 2685 705 2744 Brutus,
743 2693 791 2733 et
824 2685 985 2747 quelle
1018 2688 1092 2731 est
1134 2690 1259 2732 cette
1289 2682 1573 2733 distinction
1592 2683 1617 2732 ’ἑ
1656 2710 1721 2722 -
1747 2685 1818 2734 La
1846 2685 1994 2744 voici,
2032 2685 2353 2750 rependis-je.

506 2777 634 2825 Tout
653 2790 873 2824 nonneur
894 2776 1032 2823 etant
1050 2789 1118 2821 un
1148 2776 1260 2839 prix
1281 2774 1484 2824 decerne
1508 2778 1538 2823 a
1564 2777 1616 2826 la
1641 2783 1778 2827 vertu
1810 2792 1898 2840 par
1928 2777 2137 2826 l’estime
2165 2786 2213 2827 et
2234 2779 2351 2828 l’at·

505 2869 785 2918 tschement
808 2868 889 2915 des
913 2869 1148 2930 citoyens,
1173 2867 1301 2915 celui
1324 2867 1408 2930 qui
1431 2868 1479 2916 le
1498 2869 1622 2919 tient
1643 2869 1702 2919 de
1720 2870 1831 2919 leur
1852 2870 2047 2919 volonte
2070 2876 2119 2919 et
2139 2870 2198 2920 de
2219 2871 2355 2921 leurs

505 2959 742 3025 suffr-ages
767 2975 846 3009 me
881 2963 1040 3023 parsit
1061 2959 1304 3008 vraiment
1323 2958 1510 3008 honore
1530 2968 1579 3010 et
1611 2962 1781 3011 merite
1808 2962 1866 3010 de
1887 2962 2054 3021 l'etr05
2079 2963 2202 3010 mais
2223 2965 2355 3012 celui

506 3052 607 3115 qui,
642 3050 874 3116 profitiant
892 3051 973 3101 des
995 3052 1356 3116 conjonctures,
1379 3067 1408 3101 a
1428 3069 1506 3116 su,
1538 3056 1694 3103 meme
1723 3068 1784 3103 en
1820 3054 1952 3118 depit
1986 3055 2045 3103 de
2073 3070 2150 3104 ses
2180 3056 2355 3105 eonci-

504 3155 693 3210 toyens,
727 3146 927 3195 s’elever
950 3160 1016 3194 au
1038 3147 1260 3210 pouvoir‚
1283 3163 1472 3199 comme
1492 3148 1680 3198 Curion
1720 3148 1919 3200 desirait
1938 3150 1998 3198 de
2033 3150 2080 3198 le
2106 3150 2246 3209 faire,
2278 3164 2355 3199 oe·

501 3238 646 3287 lui-lii
662 3239 745 3287 n’a
765 3240 903 3303 point
924 3241 1090 3312 aequis
1124 3239 1411 3306 l'lionneur3
1444 3240 1483 3289 il
1504 3241 1619 3289 n’en
1649 3240 1774 3292 tient
1792 3256 1888 3304 que
1907 3242 1957 3292 le
1978 3257 2113 3291 nom.
2140 3241 2235 3292 S'il
2269 3243 2354 3290 eut

503 3332 655 3381 voulu
679 3333 908 3383 entendre
935 3342 1060 3384 cette
1098 3336 1263 3395 verite,
1306 3351 1371 3387 on
1406 3336 1604 3385 l'aurait
1638 3350 1721 3395 vu,
1763 3336 1987 3399 glorieux
2021 3346 2069 3384 et
2103 3335 2241 3384 cheri
2289 3334 2353 3383 du

500 3424 689 3489 peuple,
712 3427 937 3490 parvenit
960 3441 1024 3476 an
1044 3428 1157 3490 plus
1179 3427 1304 3477 haut
1323 3442 1467 3492 rung,
1503 3442 1564 3477 en
1594 3435 1819 3478 montant
1844 3429 1902 3477 de
1932 3428 2146 3493 dignites
2183 3443 2245 3477 en
2275 3426 2355 3477 di-
