2592 4084
1075 280 1339 326 enm-us,
2016 270 2132 329 3¹9

276 393 498 455 inquam,
1074 389 1247 453 dis-je,

277 460 399 507 alter
419 457 616 520 quidem
639 473 852 523 quorum
1073 456 1182 504 l'un
1205 456 1264 504 de
1291 459 1489 507 ceux-ei

277 525 501 573 volvebat
527 526 690 574 verbis
1074 524 1333 585 exprimait
1351 540 1436 587 par
1452 527 1503 573 la
1527 528 1689 588 parole

276 592 350 640 ita
376 591 520 638 faeile
541 594 793 654 soluteque
1073 589 1114 636 si
1135 589 1412 638 faeilement
1437 600 1485 639 et
1502 594 1734 643 aisement

278 657 541 706 sententias
558 659 677 708 satis
700 663 867 707 acutas
1075 654 1160 703 dos
1180 659 1376 717 pensees
1403 672 1534 705 assez
1556 659 1701 708 fines,

276 722 546 772 interdum.
1071 722 1275 784 parfois,

276 791 469 838 crebras
490 790 689 853 quidem
713 799 856 846 eei-te,
1075 788 1374 837 abundantes
1392 790 1639 839 du·moius
1658 793 1971 855 assuremeut,

279 865 335 904 ut
356 857 484 903 nihil
508 865 666 920 posset
1076 870 1170 916 que
1196 855 1303 903 rien
1328 871 1389 904 ne
1411 858 1610 919 pouvait

280 937 383 970 esse
408 925 647 979 ornatius,
1075 924 1176 968 &tre
1201 923 1313 984 plus
1329 923 1541 986 elegant,

277 989 407 1036 nihil
429 989 720 1049 expeditius.
1074 988 1181 1034 rien
1208 988 1318 1051 plus
1341 989 1526 1052 rapide.

278 1055 441 1117 Atque
462 1055 545 1102 hie
565 1070 738 1118 parum
763 1054 1021 1102 institutus
1074 1053 1138 1101 Et
1160 1055 1363 1102 celui-ei
1383 1070 1476 1118 peu
1497 1057 1655 1105 forme

278 1136 309 1169 a
337 1120 606 1184 magistris,
1073 1134 1162 1182 par
1181 1120 1251 1168 les
1278 1124 1495 1181 main-es,

279 1187 454 1236 habuit
476 1195 702 1236 naturam
1073 1195 1155 1233 eut
1177 1201 1275 1235 une
1293 1195 1468 1236 nature

278 1253 613 1302 admirabilem
638 1254 700 1302 ad
729 1252 1016 1309 dicendum3
1072 1250 1345 1301 admirable
1368 1269 1491 1316 pour
1511 1255 1697 1318 parler3

279 1334 379 1368 non
399 1329 624 1384 expertus
645 1335 756 1369 sum
1069 1317 1121 1381 je
1142 1318 1243 1367 n'ai
1259 1320 1400 1382 point
1422 1320 1514 1369 fait
1539 1320 1858 1385 l'experienoe

279 1385 592 1446 industriam3
1072 1384 1133 1431 de
1152 1399 1233 1432 son
1260 1387 1587 1449 application3

280 1452 496 1501 studium
519 1460 647 1502 certe
669 1451 765 1501 fuit
790 1467 805 1498 ι
899 1486 905 1495 .
1075 1449 1143 1497 du
1163 1454 1286 1515 gout
1310 1459 1460 1500 certes
1480 1453 1618 1516 fut(a
1634 1453 1725 1515 lui)
1749 1469 1763 1500 ι

280 1519 322 1567 si
347 1520 428 1580 qui
447 1518 682 1568 voluisset
1077 1517 1117 1564 si
1137 1517 1337 1566 celui-ei
1356 1521 1488 1567 avait
1520 1520 1671 1568 voulu

279 1585 447 1634 audire
467 1601 560 1645 me,
1071 1583 1267 1632 eeoutet
1289 1584 1407 1641 moi,

278 1653 529 1701 maluisset
551 1649 783 1713 consequi
1075 1649 1113 1697 il
1130 1651 1293 1698 aurait
1313 1651 1633 1701 mieux-aime
1655 1651 1844 1699 obteuir

279 1716 487 1767 honores
508 1734 657 1779 quam
683 1732 813 1781 opes,
1074 1716 1145 1764 les
1162 1716 1412 1765 honneurs
1435 1733 1528 1780 que
1556 1723 1625 1766 les
1647 1717 1898 1779 richesses,

280 1791 337 1834 ut
363 1792 595 1848 eoeperat.
1075 1796 1262 1830 comme
1282 1783 1321 1831 il
1344 1786 1477 1833 avait
1495 1787 1788 1834 commence-

281 1876 348 1887 —
371 1850 622 1911 Quidnam
647 1854 720 1897 est
735 1846 888 1902 istud,
1076 1876 1140 1885 —
1163 1847 1333 1908 Qu’est
1349 1851 1469 1908 cela,

281 1917 464 1979 inquit,
1079 1912 1252 1963 dit-il?

283 1990 331 2031 et
353 1979 761 2044 quemadmodum
1079 1987 1127 2027 et
1143 1988 1389 2030 comment

286 2048 551 2111 distinguis
561 2048 587 2096 ⁴?
1079 2045 1435 2111 distingues-tu
1448 2052 1468 2094 Ρ

283 2141 349 2152 -
372 2114 478 2163 Hoc
497 2111 658 2171 modo,
683 2112 904 2174 inquam.
1079 2112 1233 2161 —De
1251 2121 1373 2162 cette
1396 2115 1557 2178 sapon,
1585 2116 1752 2185 dis-je.

284 2180 448 2241 Quum
467 2180 622 2228 honos
1077 2178 1290 2243 Puisque
1307 2196 1372 2229 uu
1390 2180 1612 2232 honneur

283 2249 352 2295 sit
374 2247 629 2311 praemium
651 2242 848 2297 virtutis
1077 2254 1151 2293 est
1181 2245 1228 2293 le
1251 2248 1365 2309 prix
1389 2247 1447 2295 de
1472 2248 1525 2295 la
1551 2258 1711 2308 vertu,

285 2312 502 2361 delatum
526 2312 589 2360 ad
612 2311 829 2372 aliquem
1078 2311 1277 2360 decerne
1297 2314 1328 2359 a
1348 2314 1613 2375 quelqu’un

283 2378 474 2441 judicio
495 2378 756 2439 studioque
1078 2393 1166 2440 par
1187 2378 1393 2426 l’estime
1411 2387 1458 2427 et
1484 2380 1850 2431 l’attaehement

285 2447 484 2502 civium,
1079 2442 1136 2490 de
1158 2460 1223 2492 ses
1241 2446 1567 2508 concitoyens.

286 2515 370 2574 qui
392 2528 502 2560 eum
526 2510 728 2573 adeptus
749 2514 823 2556 est
1078 2510 1320 2572 eelui-qui
1354 2511 1421 2559 l'a
1450 2514 1632 2561 obtenu

284 2580 552 2635 sententiis,
578 2577 662 2639 qui
689 2574 958 2638 suffragiis,
1076 2590 1165 2637 par
1186 2580 1309 2624 leurs
1328 2577 1563 2635 volontes,
1587 2594 1675 2643 par
1694 2582 1814 2630 lours
1830 2580 2089 2645 suffrages,
2104 2589 2116 2612 ³

285 2645 328 2692 is
350 2645 542 2693 videtur
575 2643 700 2691 mihi
1078 2641 1289 2690 celui-la
1309 2648 1469 2707 pai-ait
1494 2647 1523 2693 a
1545 2646 1646 2695 moi

287 2716 336 2758 et
356 2710 605 2766 honestus,
1078 2716 1126 2757 et
1159 2707 1446 2769 honorable,

288 2784 336 2825 et
359 2775 643 2825 honoratus.
1078 2781 1128 2822 et
1147 2774 1354 2825 honore.

287 2842 387 2903 Qui
404 2850 568 2891 autem
588 2850 764 2892 nactus
788 2849 862 2891 est
1078 2840 1206 2890 Mais
1228 2842 1472 2905 celui-qui
1487 2857 1519 2890 a
1541 2846 1713 2893 trouve

290 2909 553 2971 imperium
1076 2906 1124 2955 le
1137 2909 1343 2970 pouvoir

287 2975 453 3037 aliqua
470 2974 740 3026 occasione,
1077 2976 1274 3036 graue-a
1294 2975 1502 3037 quelque
1533 2977 1776 3034 oooasion‚

287 3042 434 3090 etiam
480 3041 650 3090 invitis
685 3038 788 3088 suis
814 3040 1023 3099 civibus,
1078 3042 1235 3089 meme
1256 3042 1445 3103 malgre
1465 3056 1543 3089 ses
1561 3045 1890 3105 eoneitoyene‚

288 3116 344 3155 ut
371 3109 456 3156 ille
474 3108 719 3170 cupiebat,
1079 3120 1268 3155 comme
1297 3109 1549 3156 oe-Gurion
1571 3112 1611 3157 lo
1633 3108 1848 3164 desinit,

287 3181 406 3237 puto
429 3174 567 3224 hune
583 3173 812 3236 adeptum
1077 3170 1129 3234 je
1151 3187 1297 3237 pense
1320 3174 1529 3222 eelui-la
1551 3174 1889 3237 avoir-aequis

286 3254 465 3289 nomeu
487 3240 707 3297 honoris,
1081 3239 1129 3288 le
1146 3253 1264 3288 nom
1283 3238 1343 3287 de
1369 3238 1648 3299 l'honneur,

287 3320 390 3353 non
418 3306 670 3357 honorem.
1081 3319 1182 3354 non
1210 3304 1487 3354 l’honneur.

291 3370 344 3420 Si
381 3371 612 3423 voluisset
640 3373 810 3424 audire
832 3386 959 3436 quae,
1083 3370 1170 3419 S'il
1189 3373 1321 3420 avait
1344 3372 1494 3421 voulu
1511 3371 1742 3422 entendre
1764 3370 2062 3431 ees-vetites,

287 3440 583 3502 pervenisset
1084 3437 1124 3487 il
1144 3439 1290 3489 serait
1311 3452 1526 3503 parvenu
