2592 4084
264 489 410 531 erant
438 482 650 544 grandes
668 481 843 539 verbis,

265 548 429 597 crebri
461 549 732 603 sententiis,

265 616 439 662 breves
462 617 810 676 compressione
829 629 987 661 rerum
998 650 1010 673 ,

265 688 316 728 et
334 682 621 728 subobscuri
639 680 880 728 interdum
928 720 933 727 .

266 749 331 795 ob
357 762 462 792 eam
477 761 673 793 causam
702 748 875 808 ipsam.

334 812 476 859 VIII.
515 812 603 860 Sed
636 820 689 859 ut
713 812 1012 860 intellectum

262 890 502 941 quantam
532 881 626 924 vim
652 879 849 927 haberet
922 875 1015 941 [est

264 946 427 992 oratio
450 953 676 991 accurata

263 1021 313 1058 et
332 1011 462 1057 faeta
483 1010 691 1072 quodam
715 1010 876 1067 modo,

261 1086 372 1124 tum
399 1075 544 1123 etiam

263 1143 413 1189 multi
436 1143 658 1206 magIstri
682 1141 870 1190 dicendi

265 1209 561 1257 exstiterunt
583 1209 775 1265 subit03

265 1280 374 1321 tum
400 1273 611 1337 Gorgias
638 1274 918 1333 Leontinus,

264 1340 664 1402 Thrasymachus

265 1406 640 1461 Chalcedonius,

263 1471 564 1536 Protagoras
593 1472 867 1528 Abderitesu

263 1537 507 1585 Prodicus
529 1539 670 1593 Ceus,

264 1604 472 1666 Hippias
497 1605 645 1653 Eleus

264 1670 364 1717 fuit
386 1673 434 1718 in
460 1687 639 1733 magno
662 1670 875 1735 honore;

262 1738 506 1798 multique
533 1738 616 1784 alii

261 1803 439 1850 eisdem
466 1803 760 1865 temporibus

263 1867 619 1932 profitebantur
646 1884 697 1916 se
720 1869 909 1929 docere,

263 1936 429 1982 verbis
449 1951 565 1982 sane
578 1936 940 1998 arrogantibus,

262 2001 678 2063 quemadmodum

261 2082 417 2116 causa
442 2067 645 2113 inferior

267 2133 614 2195 (loquebantur
634 2132 762 2179 enim
787 2131 875 2195 ita)

262 2210 426 2261 posset
447 2197 550 2245 fieri
578 2198 794 2261 superior

263 2264 489 2312 dicendo.

263 2328 486 2379 Socrates
509 2345 610 2378 sese
637 2329 859 2394 opposuit
882 2331 960 2387 iis,

264 2397 348 2458 qni
370 2397 553 2444 solebat
571 2397 790 2445 refellere

264 2462 495 2509 instituta
518 2477 684 2510 eorum

263 2527 472 2590 quadam
496 2529 762 2578 subtilitate

264 2594 561 2657 disputandi.

262 2658 376 2708 Viri
406 2659 670 2709 doctissimi
691 2659 984 2708 exstiterunt

263 2739 323 2773 ex
348 2727 654 2775 sermonibus
670 2727 822 2789 hujus

263 2792 552 2849 uberrimis;

262 2865 468 2920 tumque
479 2859 690 2921 primum
702 2857 1011 2922 philosophia

263 2923 448 2972 dicitur
467 2926 685 2984 inventa,

264 3004 368 3038 non
391 2990 480 3037 illa
503 2991 560 3038 de
582 2998 775 3046 natura,

262 3070 375 3118 quae
393 3056 555 3105 fuerat
576 3056 826 3119 antiquior

264 3123 348 3170 sed
372 3122 495 3180 haec,

264 3189 317 3235 in
344 3202 442 3250 qua
467 3189 742 3251 disputatur

263 3253 324 3302 de
346 3255 490 3303 rebus
516 3255 657 3302 bonis
681 3262 730 3302 et
750 3253 909 3311 malis,

262 3318 417 3381 deque
443 3321 546 3368 vita
580 3328 629 3368 et
666 3321 884 3371 moribus

263 3386 526 3434 hominum
554 3404 566 3433 ε
792 3436 799 3445 ἃ

262 3452 550 3514 reficiamus
572 3451 883 3516 philosophos

264 3519 317 3566 in
347 3520 483 3567 aliud
513 3528 721 3582 tempus,

1063 364 1335 408 BRUTUS.
2041 376 2109 430 31

1067 480 1129 528 ils
1153 481 1333 528 etaient
1357 481 1524 528 nobles
1546 496 1634 544 par
1656 482 1725 530 les
1749 489 1942 543 termes,

1068 550 1223 594 serres
1246 564 1334 609 par
1355 547 1423 594 les
1447 550 1656 609 pasees,
1959 582 1965 587 -

1067 613 1198 661 brefs
1222 628 1309 673 par
1337 614 1385 659 la
1412 614 1657 661 concision
1683 614 1767 661 des
1787 614 1936 677 idees,

1066 687 1115 726 et
1132 681 1548 741 un-peu·obscurs
1570 681 1750 740 parfois

1067 760 1191 808 pour
1210 761 1263 792 ce
1288 746 1435 792 motif
1451 749 1620 793 meme.

1134 811 1269 860 v111.
1309 812 1433 859 Mais
1457 810 1540 858 des
1561 826 1653 872 que
1670 811 1772 860 l’on
1789 819 1874 862 eut
1895 819 2127 882 compris,

1067 878 1181 939 quel
1201 876 1313 924 efl'et
1333 878 1607 939 produisait

1066 957 1135 990 un
1160 943 1379 991 discours
1406 945 1898 1004 compose-avec-soin

1067 1016 1114 1056 et
1138 1009 1226 1056 fait
1253 1011 1399 1057 d'une
1420 1011 1633 1058 certaine
1657 1010 1889 1069 muniere,

1063 1075 1194 1122 alors
1214 1076 1349 1123 aussi

1066 1156 1162 1188 une
1189 1141 1322 1190 foule
1346 1141 1406 1190 de
1427 1142 1727 1206 professeurs
1754 1141 2012 1206 d'eloquen·

1066 1216 1297 1268 parurent
1320 1209 1523 1257 soudain
1543 1227 1556 1258 z

1064 1273 1192 1321 alors
1215 1274 1426 1336 Gorgias
1448 1274 1506 1322 de
1528 1276 1801 1334 Leontium,

1064 1339 1431 1402 Thrasymaque

1067 1404 1125 1453 de
1137 1405 1462 1454 Chalcedoine
1470 1441 1481 1463 ‚

1063 1470 1360 1535 Protagoras
1385 1470 1643 1531 d’Abdere,

1064 1536 1303 1585 Prodicus
1326 1538 1385 1584 de
1409 1539 1547 1595 Ceos,

1063 1604 1268 1666 Hippias
1297 1589 1463 1653 dumea

1065 1669 1142 1716 fut
1164 1684 1225 1717 en
1248 1671 1408 1733 grand
1434 1671 1689 1736 honneur-5

1065 1744 1113 1782 et
1133 1736 1384 1797 beaucoup
1404 1737 1617 1783 d'autres

1068 1800 1190 1848 dans
1214 1803 1285 1849 les
1305 1807 1483 1850 memes
1507 1811 1660 1864 temps

1066 1872 1390 1929 annoncaient
1414 1869 1484 1915 soi
1509 1869 1782 1931 enseigner,

1066 1947 1125 1980 en
1158 1941 1335 1981 termes
1352 1944 1502 1982 certes
1524 1945 1799 1997 arrogante,

1069 2007 1314 2048 comment
1629 2004 1640 2023 '

1065 2063 1115 2112 Ia
1137 2080 1279 2113 cause
1303 2066 1351 2113 18
1372 2067 1480 2128 plus
1505 2066 1651 2114 saible

1064 2132 1168 2193 (oar
1190 2132 1253 2178 ils
1275 2134 1510 2195 parlaient
1528 2133 1674 2193 ainsi)

1065 2200 1263 2258 pouvait
1286 2199 1482 2245 devenir
1515 2200 1564 2246 la
1588 2199 1696 2261 plus
1718 2199 1843 2248 forte

1066 2263 1633 2327 a-l’aide-de-la-parole.

1065 2329 1258 2377 Socrate
1280 2331 1456 2377 s'eleva
1483 2339 1649 2378 contre
1671 2346 1783 2389 eux,

1065 2397 1149 2457 qui
1169 2396 1300 2442 avait
1322 2407 1547 2444 coutume
1567 2397 1623 2443 de
1644 2397 1827 2445 refuter

1064 2462 1135 2509 les
1155 2463 1402 2524 principes
1428 2462 1487 2509 tle
1508 2465 1706 2510 ceux-ci

1065 2543 1181 2575 avec
1200 2543 1296 2575 une
1318 2529 1530 2575 certaine
1551 2527 1723 2576 finesse

1060 2593 1124 2641 de
1154 2594 1369 2641 discuter
1392 2595 1534 2655 (dans
1555 2594 1607 2641 18
1632 2593 1942 2652 discussion).

1065 2659 1162 2707 Des
1185 2659 1404 2707 hommes
1424 2663 1743 2707 tres-savants
1763 2661 2012 2726 surgirent

1067 2725 1151 2772 des
1169 2727 1433 2774 entretiens
1456 2728 1512 2773 de
1531 2726 1718 2775 celui-ci

1063 2791 1411 2857 tres-feoonds3

1065 2865 1112 2905 et
1135 2859 1266 2906 alors
1290 2858 1493 2906 d'abord
1515 2859 1566 2906 la
1594 2857 1895 2922 philosophie

1066 2931 1139 2971 est
1162 2924 1261 2972 dite
1280 2930 1410 2973 avoir
1430 2927 1498 2972 ἑτέ
1522 2926 1760 2981 inventes,

1065 3004 1164 3037 non
1185 2992 1306 3038 celle
1331 2997 1406 3050 qm·
1427 2993 1627 3051 s'occupe
1646 2991 1703 3037 de
1722 2991 1771 3037 18
1800 2997 1990 3047 nature,

1066 3058 1148 3118 qni
1175 3058 1308 3103 avait
1328 3060 1403 3104 ete
1423 3058 1534 3119 plus
1552 3060 1803 3114 ancienne,

1069 3124 1190 3170 mais
1215 3124 1419 3179 celle-ci,

1068 3188 1190 3236 dans
1205 3190 1413 3251 laquelle
1429 3204 1492 3238 on
1512 3189 1696 3238 discute

1069 3270 1154 3302 sur
1177 3255 1245 3302 les
1267 3255 1433 3303 choses
1458 3257 1641 3304 bonnas
1655 3263 1709 3303 et
1732 3253 2022 3312 insanisse,

1069 3331 1116 3370 et
1135 3335 1221 3369 sur
1240 3322 1289 3370 la
1317 3324 1392 3370 vie
1406 3330 1453 3371 et
1470 3323 1541 3371 les
1559 3336 1741 3371 moeurs

1072 3388 1155 3435 des
1177 3387 1426 3435 hommes:

1071 3468 1347 3517 renvoyons
1375 3455 1446 3502 les
1472 3454 1778 3518 philosophes

1073 3521 1103 3567 a
1120 3535 1187 3567 un
1212 3527 1350 3569 autre
1377 3528 1550 3583 temps,
