2592 4084
431 313 469 365 4
1218 308 1481 352 Bnu’rus.

430 423 636 481 civium
663 422 1037 491 bonorumque
1059 419 1309 490 penuria,
1335 419 1421 473 vir
1446 418 1726 490 egregiuS,
1754 419 2264 491 conjunctissimus-

430 524 539 580 que
574 521 796 562 mecum
820 504 1171 561 consiliorum
1203 503 1448 559 omnium
1474 503 1754 574 societate,
1780 503 2115 559 alienissimo
2153 504 2265 558 rei-

426 589 662 661 publicae
702 594 951 660 tempore
997 586 1312 658 exstinctu8‚
1357 592 1413 642 et
1448 585 1814 657 auctoritatis,
1857 592 1914 642 et
1958 586 2263 658 prudentiae

427 688 543 727 suae
577 672 732 727 triste
778 670 937 726 nobis
971 669 1307 726 desiderium
1346 669 1674 740 reliquerat3
1705 668 2088 740 dolebamque,
2114 670 2263 740 quod

426 771 559 825 non,
587 762 647 811 ut
682 753 932 826 plerique
967 752 1251 825 putabant,
1287 751 1665 809 adversarium
1712 757 1809 806 aut
1840 751 2263 808 obtrectatorem

426 840 654 898 laudum
699 854 976 909 mearum,
1008 837 1107 894 sed
1148 837 1361 893 socium
1390 835 1574 907 potius
1608 840 1663 891 et
1696 840 2007 891 consortem
2036 836 2262 906 gloriosi

424 923 482 979 la
516 924 631 979 oris
654 923 963 978 amiseram.
991 921 1226 990 Etenim,
1249 919 1299 975 si
1321 920 1381 974 in
1405 919 1677 976 leviorum
1705 919 1908 974 artium
1929 919 2114 975 studio
2142 936 2260 975 me-

425 1008 616 1062 moriae
663 1006 942 1077 proditum
984 1009 1087 1074 est,
1128 1008 1318 1074 poetas
1370 1001 1584 1057 nobiles
1629 1008 1915 1072 poetarum
1963 1003 2261 1073 aequalium

423 1094 599 1143 morte
645 1087 918 1157 doluisse;
961 1102 1071 1158 quo
1122 1085 1346 1140 tandem
1390 1084 1572 1139 animo
1618 1083 1737 1155 ejus
1782 1084 2064 1140 interitum
2111 1085 2260 1141 ferre

423 1171 610 1243 debui²
635 1189 761 1229 cum
783 1188 892 1244 quo
921 1177 1133 1226 certare
1159 1175 1281 1224 erat
1303 1168 1619 1241 gloriosiuS,
1638 1184 1804 1240 quam
1822 1169 2042 1224 omnino
2070 1169 2260 1226 adver-

422 1256 631 1312 sarium
674 1272 783 1311 non
814 1254 1061 1310 habere?
1091 1269 1262 1325 quum
1292 1253 1597 1324 praesertim
1639 1268 1748 1308 non
1776 1253 1939 1308 modo
1978 1268 2259 1324 nunquam

422 1339 496 1395 sit
526 1345 623 1394 aut
649 1336 802 1393 illius
834 1353 868 1392 a
899 1353 988 1392 me
1013 1351 1210 1392 cursus
1251 1335 1564 1407 impeditus,
1598 1341 1694 1390 aut
1719 1335 1787 1390 ab
1822 1335 1919 1391 illo
1957 1350 2133 1406 meus„
2160 1336 2258 1390 sed

422 1427 613 1478 contra
640 1435 862 1492 semper
883 1419 1024 1474 alter
1054 1419 1122 1475 ab
1151 1419 1327 1474 altero
1360 1418 1581 1489 adjutus
1613 1422 1671 1473 et
1703 1419 2174 1489 communicandO,
2204 1425 2260 1474 et

421 1503 712 1572 monendo,
736 1508 790 1557 et
809 1501 1062 1558 favendo,

493 1587 601 1641 Sed
641 1584 920 1658 quoniam,
944 1589 1211 1656 perpetua
1238 1583 1477 1656 quadam
1499 1583 1761 1640 felicitate
1788 1602 1941 1655 usuS,
1965 1584 2061 1641 ille
2089 1585 2258 1641 cessit

421 1686 451 1725 e
493 1669 628 1738 vita,
667 1684 766 1723 suo
801 1668 1001 1740 magiS,
1040 1684 1207 1739 quam
1241 1683 1465 1723 suorum
1502 1667 1706 1723 civium
1743 1672 2009 1738 tempore,
2045 1674 2102 1723 et
2139 1675 2256 1723 tum

420 1751 639 1821 occidit,
662 1767 832 1822 quum
854 1751 1049 1822 lugere
1074 1751 1287 1806 facilius
1309 1750 1703 1822 rempublicam
1726 1756 1933 1822 posset,
1955 1750 2004 1804 si
2021 1751 2250 1817 viveret,

417 1940 535 1987 d’un
558 1941 597 1987 si
622 1954 733 1988 rare
754 1939 938 1996 merite,
969 1939 1088 1987 dont
1121 1941 1191 1987 les
1228 1955 1345 1988 vues
1376 1948 1426 1990 et
1464 1941 1535 1989 les
1565 1941 1803 2004 principes
1844 1940 2191 1988 s’accordaient
2212 1941 2255 1988 si

416 2025 530 2072 bien
557 2039 672 2071 avec
702 2024 772 2071 les
808 2025 981 2084 miens,
1018 2039 1084 2070 un
1116 2025 1181 2071 tel
1213 2024 1422 2082 homme,
1460 2025 1625 2073 enleve
1661 2025 1781 2071 dans
1816 2024 1884 2072 les
1916 2024 2255 2094 conjonctures

416 2108 487 2155 les
508 2107 620 2170 plus
644 2108 815 2154 fatales
839 2109 868 2153 ὲ
893 2107 946 2153 la
978 2106 1277 2168 republique,
1328 2109 1628 2170 augmentait
1654 2123 1825 2156 encore
1862 2109 1913 2156 la
1949 2107 2117 2155 disette
2145 2107 2253 2170 dejs

417 2197 528 2253 trop
551 2189 736 2253 grande
766 2189 824 2236 de
855 2189 1073 2250 citoyens
1101 2205 1238 2252 seges
1262 2200 1309 2238 et
1335 2201 1585 2249 vertueux‚
1622 2200 1669 2239 et
1690 2207 1814 2239 nous
1838 2192 2026 2238 laissait
2052 2189 2097 2237 'le
2118 2192 2255 2238 triste

414 2281 580 2338 regret
601 2274 753 2322 d’etre
779 2274 938 2336 prives
969 2273 1027 2321 de
1054 2274 1295 2322 l'autorite
1317 2276 1376 2323 de
1403 2291 1477 2323 ses
1504 2277 1739 2332 consens,
1770 2283 1817 2322 et
1839 2275 1922 2322 des
1945 2274 2171 2322 lumieres
2196 2275 2256 2322 de

418 2374 474 2406 sa
515 2358 773 2421 prudence.
809 2356 973 2416 Enfin,
1011 2357 1137 2407 celui
1178 2372 1270 2419 que
1307 2360 1354 2420 je
1390 2359 1554 2406 venais
1589 2358 1649 2405 de
1680 2356 1851 2420 perdre
1886 2357 2057 2404 n'etait
2093 2358 2249 2420 point,

417 2455 603 2488 comme
624 2441 874 2502 beaucoup
908 2440 955 2487 le
991 2441 1261 2502 pensaient,
1289 2456 1356 2488 un
1382 2441 1653 2488 adversaire
1680 2451 1727 2488 et
1752 2455 1821 2486 un
1847 2440 1971 2486 rival
1997 2439 2170 2501 jaloux
2195 2439 2254 2488 de

416 2539 500 2572 ma
518 2525 766 2581 celebritc'n
794 2524 957 2571 c’e‘tait
990 2538 1103 2570 mon
1127 2525 1224 2570 ami
1253 2531 1302 2570 et.
1338 2538 1454 2572 mon
1485 2537 1787 2585 compagnon
1826 2523 1946 2569 dans
1972 2537 2066 2568 une
2093 2522 2256 2571 hono-

417 2608 555 2655 rable
571 2609 798 2656 cart-iere.
832 2607 904 2655 En
928 2606 1056 2662 effet‚
1083 2609 1123 2654 si
1150 2607 1387 2654 l’histoire
1407 2607 1489 2654 des
1515 2616 1613 2654 arte
1640 2608 1797 2654 moins
1819 2609 2109 2670 importante
2131 2624 2255 2657 nous

420 2689 636 2752 apprend
662 2705 757 2752 que
784 2689 842 2737 de
874 2689 1054 2752 grands
1085 2691 1247 2752 poetes
1283 2696 1370 2737 ont
1398 2689 1563 2752 pleure
1596 2691 1649 2737 la
1687 2698 1816 2738 mort
1851 2689 1909 2738 de
1933 2695 2092 2753 poetes
2121 2692 2255 2740 leurs

417 2773 823 2836 contemporains,
869 2773 1091 2820 combien
1131 2787 1189 2820 ne
1219 2773 1402 2834 dois-jo
1434 2788 1523 2836 pas
1552 2782 1782 2836 regretter
1804 2790 1871 2822 un
1904 2775 2097 2823 homme
2136 2775 2255 2837 qu'il

418 2859 537 2904 etait
564 2858 673 2918 plus
698 2857 922 2919 glorieux
964 2855 1147 2904 d'avoir
1178 2871 1303 2918 pour
1332 2858 1479 2918 rival,
1507 2872 1599 2919 que
1634 2857 1780 2906 d’etre
1816 2866 1924 2907 tout
1958 2861 1989 2906 ὲ,
2018 2860 2108 2907 fait
2141 2873 2254 2907 sans

421 2938 598 2986 rivaux
618 2961 634 3003 ;
656 2945 849 2986 surtout
874 2937 1088 2999 lorsque,
1118 2940 1223 2986 loin
1251 2939 1439 2989 d’avoir
1471 2939 1649 3003 jamnis
1682 2941 1885 2990 cherohe
1912 2944 1941 2989 ὲ
1968 2949 2140 2990 mettre
2163 2944 2255 2989 ob-

419 3023 570 3069 stacle
596 3035 661 3067 au
685 3023 851 3068 succes
880 3020 988 3068 l’un
1009 3021 1067 3068 de
1092 3022 1282 3080 Ponti-e,
1307 3039 1430 3071 nous
1453 3039 1577 3072 nous
1599 3039 1802 3072 summes
1822 3040 1887 3072 au
1906 3027 2147 3074 contraire
2174 3039 2253 3071 se-

422 3104 599 3153 condes
617 3103 982 3151 mutuellement
1005 3119 1089 3166 par
1110 3121 1175 3152 un
1196 3106 1411 3170 &change
1431 3106 1741 3156 desinteresse
1758 3108 1818 3156 de
1836 3109 2082 3168 lumieres,
2102 3109 2253 3157 d’avis

419 3198 467 3235 et
489 3185 970 3249 d'enoouragement?

487 3272 569 3317 Au
592 3269 735 3328 reste,
766 3272 817 3318 la
836 3270 904 3318 fin
927 3271 1074 3321 d’une
1105 3273 1198 3330 vie,
1235 3271 1471 3320 heureuse
1493 3272 1722 3335 jusqu’au
1747 3274 1937 3322 dernier
1960 3276 2255 3332 instantyest

428 3353 611 3400 arrive'e
635 3354 744 3416 plus
766 3356 796 3400 ὲ
819 3369 996 3417 propos
1024 3371 1147 3418 pour
1173 3357 1247 3404 lui
1271 3372 1363 3418 que
1384 3372 1501 3418 pour
1522 3372 1598 3405 ses
1624 3359 1947 3419 concitoyens.
1967 3357 2010 3404 Il
2033 3366 2105 3403 est
2126 3366 2253 3404 mort

423 3440 453 3482 ὁ.
469 3451 569 3484 une
591 3439 772 3499 epoque
805 3439 871 3486 οὺ
905 3439 944 3486 il
974 3439 1045 3487 lui
1077 3441 1159 3488 esst
1190 3442 1263 3488 ete
1292 3441 1403 3502 plus
1429 3440 1569 3488 filcile
1595 3439 1652 3488 de
1680 3439 1870 3503 pleurer
1897 3440 1947 3486 la
1973 3440 2253 3502 republique
