2592 4084
423 420 498 476 54
1205 425 1469 473 BRUTUS.

421 560 593 620 quum
632 541 824 614 plebes
855 555 1025 613 prope
1065 539 1242 611 ripam
1287 540 1512 595 Anienis
1557 538 1628 595 ad
1666 538 1898 595 tertium
1943 535 2264 592 milliarium

423 636 780 701 consedisset,
806 650 1043 708 eumque
1071 640 1339 706 montem,
1379 634 1476 705 qui
1506 636 1675 691 Sacer
1710 631 2021 705 appellatus
2048 636 2150 698 est,
2182 646 2264 685 oc·

422 732 757 803 cupavisset,
799 731 876 786 M.
917 728 1197 787 Valerium
1228 731 1554 787 dictatorem
1587 729 1817 786 dicendo
1841 726 2124 785 sedavisse
2149 726 2263 781 dis-

423 827 658 898 cordias,
690 828 851 900 eique
881 826 949 883 ob
976 841 1099 882 eam
1138 842 1258 882 rem
1279 827 1519 883 honores
1544 825 1913 898 amplissimos
1944 823 2183 895 habitoS,
2212 829 2265 879 et

424 940 551 981 eum
591 926 830 997 primum
857 924 927 982 ob
954 940 1076 981 eam
1100 924 1277 996 ipsam
1302 939 1527 981 causam
1549 923 1850 981 Maximum
1876 938 2001 987 esse
2019 920 2258 994 appella·

424 1029 560 1076 tum.
591 1024 673 1079 Ne
697 1024 759 1077 L.
808 1021 1090 1078 Valerium
1129 1021 1353 1093 quidem
1381 1023 1623 1078 Potitum
1652 1021 1890 1078 arbitror
1913 1036 2023 1077 non
2053 1018 2265 1091 aliquid

420 1118 666 1190 potuisse
694 1120 952 1189 dicendo,
991 1119 1087 1191 qui
1117 1125 1242 1190 post
1277 1118 1705 1177 decemviralem
1731 1118 2022 1190 invidiam,
2045 1118 2265 1190 plebem

421 1214 481 1270 in
496 1223 681 1288 patres
708 1216 991 1273 incitatam
1020 1214 1237 1286 legibus
1279 1221 1336 1271 et
1369 1215 1720 1272 concionibus
1747 1216 1864 1272 suis
1898 1215 2263 1286 mitigaverit.

494 1315 792 1370 Possumus
841 1312 1081 1385 Appium
1137 1311 1432 1370 Claudium
1483 1313 1750 1386 suspicari
1798 1313 2067 1370 disertum
2084 1355 2100 1385 ,
2139 1312 2269 1384 quia

423 1415 703 1482 senatum,
736 1409 969 1481 Jamjam
1009 1409 1364 1482 inclinatum,
1403 1425 1437 1465 a
1471 1408 1672 1480 Pyrrhi
1716 1424 1850 1480 pace
1890 1408 2265 1480 revocaverim

423 1521 715 1580 possumus
749 1507 812 1563 C.
855 1506 1188 1579 Fabricium,
1219 1507 1353 1580 quia
1398 1505 1471 1562 sit
1504 1505 1576 1562 ad
1616 1506 1891 1577 Pyrrhum
1932 1488 2002 1562 de
2038 1507 2269 1579 captivis

424 1601 821 1675 recuperandis
860 1603 1061 1659 missus
1102 1609 1322 1675 orator3
1367 1603 1487 1660 Tib.
1532 1604 1971 1673 Coruncanium,
2011 1602 2160 1674 quod
2202 1620 2269 1659 ex

422 1699 743 1773 pontificum
786 1699 1193 1755 commentariis
1229 1699 1393 1770 longe
1433 1698 1733 1771 plurimum
1780 1699 2004 1771 ingenio
2026 1698 2269 1756 valuisse

424 1796 713 1866 videatur3
745 1794 817 1850 Μ’
879 1794 1134 1867 Curium,
1178 1794 1326 1867 quod
1366 1794 1415 1849 is
1453 1793 1708 1850 tribunus
1745 1793 1957 1866 plebis,
1992 1794 2267 1865 interrege

421 1892 598 1964 Appio
631 1892 807 1959 Caeco,
838 1890 1047 1946 diserto
1079 1890 1324 1963 homine,
1355 1890 1582 1946 comitia
1604 1895 1794 1946 contra
1825 1888 1984 1962 leges
2009 1889 2265 1956 habente,

424 2005 597 2062 quum
614 1987 684 2044 de
704 1987 866 2060 plebe
890 1987 1173 2043 consulem
1192 2003 1302 2044 non
1321 1986 1644 2060 accipiebat,
1664 1991 1850 2059 patres
1868 1991 1996 2043 ante
2015 1991 2269 2043 auctores

423 2184 522 2232 tira
543 2196 628 2230 sur
650 2180 815 2230 l’Anio
839 2180 870 2227 ὲ
891 2180 1008 2228 trois
1032 2180 1190 2228 milles
1216 2179 1275 2227 de
1293 2180 1462 2239 Rome,
1478 2189 1526 2229 et
1542 2180 1780 2244 e’empara
1803 2179 1862 2228 de
1883 2179 1936 2227 la
1955 2179 2162 2229 hauteur
2186 2180 2271 2243 qui

423 2290 455 2322 a
475 2289 589 2336 recu
603 2271 658 2321 'le
682 2286 797 2319 nom
842 2271 899 2320 de
925 2271 1232 2329 Mons-Sacri,
1267 2288 1392 2321 nous
1409 2287 1593 2337 voyons
1614 2273 1661 2320 le
1683 2272 1920 2322 dicteteur
1941 2273 2012 2322 Μ.
2045 2274 2271 2322 Valerius

424 2383 646 2418 ramener
668 2367 719 2415 la
735 2366 974 2415 concorde
994 2383 1080 2430 par
1111 2383 1185 2415 ses
1209 2367 1443 2426 discours,
1469 2375 1518 2415 et
1541 2368 1736 2416 mex-iter
1763 2368 1889 2415 ainsi
1917 2369 1987 2416 les
2022 2367 2271 2419 honneur·

423 2463 497 2512 leo
526 2462 637 2526 plus
659 2460 913 2510 eclatants.
936 2460 1003 2509 Le
1025 2476 1224 2508 surnom
1249 2461 1309 2507 de
1337 2463 1441 2508 Tres
1467 2461 1623 2508 Grand
1650 2459 1770 2523 qu’il
1804 2468 1946 2523 porta
1965 2460 2011 2510 le
2043 2463 2267 2525 premier,

424 2555 502 2604 fut
541 2569 609 2602 un
637 2554 945 2621 temoignage
990 2555 1047 2603 de
1082 2555 1479 2603 reconnaissance
1503 2551 1749 2616 publique.
1774 2553 1837 2603 Je
1862 2568 2007 2615 pense
2039 2553 2185 2616 qu'on
2210 2569 2273 2604 ne

423 2652 539 2711 peut
560 2662 647 2710 pas
679 2662 779 2695 non
802 2648 912 2710 plus
927 2647 1113 2696 refuser
1135 2646 1342 2709 quelque
1362 2645 1515 2694 talent
1535 2645 1745 2694 oratoire
1769 2648 1800 2694 ἐι
1831 2646 1888 2695 L.
1927 2645 2152 2695 Valerius
2175 2647 2274 2696 Po-

423 2740 543 2786 titus
563 2739 663 2800 qui‚
699 2740 836 2801 apres
857 2739 1088 2788 l’odieuse
1105 2739 1336 2802 tyrannio
1359 2738 1443 2786 des
1460 2737 1742 2799 decemvirs,
1766 2739 1943 2798 calma,
1969 2754 2057 2802 par
2077 2753 2153 2787 ses
2179 2739 2273 2787 lois

425 2838 473 2880 et
488 2845 564 2879 ses
586 2830 880 2896 hat-angues,
898 2832 950 2880 la
966 2833 1227 2881 multitude
1249 2833 1468 2881 soulevee
1488 2839 1656 2882 contre
1677 2833 1723 2882 le
1744 2835 1896 2882 senat.

486 2924 623 2973 Nous
641 2939 857 2987 ponvons
876 2925 1032 2974 croire
1053 2925 1325 2988 qu’Appius
1349 2923 1584 2974 Claudius
1615 2925 1771 2972 savait
1796 2925 1985 2973 manier
2006 2924 2056 2972 la
2084 2924 2264 2988 parole,

422 3018 494 3068 lui
523 3019 606 3081 qui
641 3017 878 3067 raffermit
919 3017 966 3066 le
1004 3019 1142 3064 senat
1162 3017 1465 3076 chancelant,
1491 3025 1539 3066 et
1567 3016 1832 3081 l'empecha
1853 3017 1912 3065 de
1946 3017 2068 3065 faire
2089 3017 2140 3065 la
2155 3018 2273 3081 paix

422 3125 540 3161 aveo
561 3110 800 3174 Pyrrhus.
824 3110 936 3161 J'en
960 3109 1084 3160 dirai
1107 3117 1283 3163 autaut
1307 3111 1364 3159 de
1395 3111 1452 3161 C.
1472 3109 1726 3160 Fabricius
1750 3111 1835 3174 qni
1861 3111 1939 3159 fut
1955 3113 2141 3174 envoye
2163 3125 2271 3160 vers

422 3216 478 3252 oo
494 3202 660 3266 prince
679 3216 801 3266 pour
825 3202 1051 3265 negociar-
1073 3201 1120 3250 le
1142 3209 1306 3250 retour
1332 3203 1414 3250 des
1437 3202 1732 3265 prisonniers
1760 3218 1775 3263 ς
1802 3203 1862 3252 de
1883 3203 1998 3252 Tib.
2020 3204 2274 3254 Corunca-

423 3293 555 3352 nius,
581 3293 700 3342 dont
731 3295 801 3343 les
831 3295 978 3345 livres
1006 3295 1090 3344 des
1127 3296 1337 3359 pontifes
1374 3303 1603 3346 attestant
1628 3297 1675 3346 le
1695 3298 1838 3362 genie
1861 3319 1878 3364 ς
1903 3297 1961 3346 de
1982 3298 2048 3347 Μ’
2071 3298 2268 3358 Curius,

422 3386 508 3449 qui
530 3390 665 3436 etant
684 3388 848 3438 tribun
880 3390 946 3438 du
968 3390 1143 3454 peuple
1174 3390 1419 3455 triumpha
1455 3391 1514 3440 de
1553 3390 1821 3440 muter-roi
1842 3393 2051 3456 Appius,
2079 3394 2272 3458 malgre

421 3490 510 3526 son
538 3478 814 3541 eloquence.
858 3479 1069 3530 Celui-ci
1093 3488 1262 3530 tenant
1293 3483 1365 3530 les
1394 3483 1620 3542 comices,
1652 3490 1700 3531 et
1728 3483 1952 3546 rejetant‚
1993 3499 2059 3532 au
2090 3487 2271 3548 mepris

423 3565 507 3614 des
544 3569 655 3629 lois,
684 3586 750 3619 un
773 3573 947 3622 consul
978 3573 1214 3638 plebeien,
1257 3572 1457 3633 Curius,
1482 3573 1618 3637 foros
1643 3572 1715 3622 les
1735 3574 1984 3622 senateurs
2006 3573 2065 3622 de
2082 3574 2273 3629 ratifier
