2592 4084
405 406 520 462 310
1181 418 1451 465 BRUTUS.

402 533 512 588 rit:
543 547 665 604 quae
691 533 931 601 primum
957 531 1036 588 ita
1056 548 1197 604 pura
1225 539 1366 604 erat,
1396 539 1460 589 ut
1480 533 1617 589 nihil
1639 533 1935 610 liquidius3
1962 534 2040 592 ita
2063 535 2235 595 libere

401 616 623 687 fluebat,
650 622 713 671 ut
743 632 1016 689 nusquam
1039 617 1479 691 adhaeresceret3
1526 618 1763 685 nullum,
1799 619 1904 675 nisi
1933 620 2057 676 loco
2084 624 2237 692 posi-

398 705 538 772 tum,
567 705 624 755 et
648 705 909 773 tanquam
935 700 992 755 in
1020 702 1376 758 vermiculato
1399 702 1742 769 emblemate,
1774 709 1837 759 ut
1867 702 1945 759 ait
1970 704 2236 776 LuciliuS,

399 789 669 840 structum
717 783 951 840 verbum
992 785 1229 842 videres·
1270 788 1385 842 Nec
1409 802 1541 843 vero
1564 785 1742 842 ullum
1768 791 1865 842 aut
1890 787 2110 859 durum,
2143 794 2240 845 aut

397 866 657 938 insolens,
701 874 799 924 aut
825 867 1055 939 humile,
1086 876 1182 926 aut
1216 870 1437 942 longius
1472 869 1725 941 ductum3
1759 886 1824 926 ac
1862 886 1971 927 non
2013 873 2238 944 propria

398 953 565 1010 verba
591 968 798 1025 rerum,
829 952 928 1008 sed
969 954 1230 1026 pleraque
1253 954 1555 1027 translata;
1598 953 1677 1009 sic
1703 959 1914 1022 tamen,
1944 959 2009 1010 ut
2034 972 2101 1011 ea
2125 972 2237 1011 non

397 1037 623 1093 irruisse
641 1038 698 1092 in
720 1037 961 1094 alienum
986 1039 1192 1110 locum,
1213 1039 1314 1095 sed
1342 1039 1688 1111 immigrasse
1714 1037 1771 1093 in
1797 1054 1959 1094 suum
1984 1038 2232 1096 diceres:

395 1136 498 1178 nec
507 1136 640 1179 vero
653 1121 774 1176 haec
788 1121 986 1193 soluta,
1008 1137 1111 1177 nec
1133 1121 1561 1193 diffluentia,sed
1572 1121 1838 1178 adstricta
1848 1124 2112 1195 numeris,
2126 1140 2236 1183 non

395 1210 605 1277 aperte,
632 1220 733 1261 nec
758 1204 953 1260 eodem
982 1204 1142 1260 modo
1170 1220 1413 1277 semper,
1440 1204 1697 1263 sedvarie
1711 1204 2235 1278 dissimulanterque

395 1287 686 1345 conclusis.
711 1290 885 1343 Erant
909 1294 1098 1344 autem
1124 1293 1178 1343 et
1197 1287 1491 1343 verborum
1524 1292 1580 1343 et
1607 1287 2001 1343 sententiarum
2023 1289 2122 1344 illa
2144 1289 2230 1344 lu·

395 1372 562 1442 mina,
589 1388 711 1443 quae
736 1378 937 1430 vocant
956 1372 1128 1428 Graeci
1144 1375 1392 1444 σχήματα,
1416 1371 1613 1444 quibus
1632 1376 1897 1442 tanquam
1926 1371 2233 1443 insignibus

392 1457 452 1511 in
504 1461 700 1512 ornatu
727 1455 1167 1527 distinguebatur
1206 1456 1385 1512 omnis
1424 1455 1584 1512 ratio.
1613 1457 1732 1523 Qua
1758 1455 1824 1510 de
1847 1472 1906 1511 re
1931 1455 2117 1526 agitur
2139 1471 2234 1511 au-

392 1544 525 1611 tem,
551 1538 689 1594 illud
710 1539 858 1612 quod
904 1538 1093 1595 multis
1111 1538 1247 1595 locis
1291 1540 1347 1594 in
1380 1538 1891 1610 jurisconsultorum
1933 1531 2234 1594 includitur

391 1623 662 1692 formulis,
694 1622 750 1677 id
778 1623 872 1678 ubi
900 1627 1064 1689 esset,
1095 1623 1336 1679 videbat.
1388 1622 1693 1680 Accedebat
1733 1623 1868 1679 ordo
1894 1640 2082 1679 rerum
2109 1624 2228 1695 ple-

392 1724 499 1763 nus
527 1706 679 1779 artiS,
707 1706 852 1764 actio
889 1706 1157 1778 liberaliS,
1202 1711 1489 1779 totumque
1514 1705 1730 1766 dicendi
1756 1706 2035 1779 placidum
2064 1712 2121 1762 et
2150 1722 2234 1763 sa-

391 1805 525 1845 num
585 1805 744 1845 enus·

459 1805 659 1929 Lx{x.
691 1873 850 1940 Quod
885 1872 934 1929 si
969 1877 1055 1929 est
1083 1872 1371 1944 optimum,
1416 1871 1657 1930 suaviter
1705 1872 1920 1944 dicere;
1948 1872 2086 1928 nihil
2114 1876 2222 1938 est,

389 2148 563 2195 mettre
584 2144 642 2194 de
662 2159 718 2194 se
739 2145 933 2208 phrase.
966 2145 1028 2193 Sa
1055 2144 1238 2193 diction
1269 2147 1390 2194 eteit
1425 2146 1574 2195 olaire
1609 2160 1797 2193 comme
1836 2147 1883 2195 le
1923 2147 2139 2194 ruisseau
2176 2148 2226 2196 le

343 2284 355 2290 ,
383 2225 496 2289 plue
516 2224 731 2288 limpide.
754 2223 863 2273 Elle
896 2224 1080 2273 coulait
1116 2237 1231 2273 aveo
1261 2240 1358 2275 une
1390 2226 1582 2273 eisence
1609 2224 1729 2273 dont
1752 2225 1931 2287 jamnis
1960 2226 2063 2273 rien
2093 2226 2222 2273 n'in·

383 2307 666 2370 terrompait
688 2307 734 2356 le
755 2322 912 2356 coure.
937 2306 1031 2354 Pae
1051 2322 1117 2354 un
1155 2314 1259 2355 mot
1288 2307 1372 2369 qui
1400 2319 1461 2354 ne
1498 2305 1575 2354 fat
1601 2306 1697 2355 mie
1725 2309 1756 2355 ὲ
1783 2322 1836 2355 sa
1870 2306 2018 2369 place,
2047 2313 2094 2352 et
2123 2320 2222 2353 en-

382 2385 552 2436 chflsee
582 2386 703 2436 dane
726 2388 771 2434 le
789 2384 1029 2439 discours,
1057 2401 1245 2435 comme
1266 2387 1338 2434 les
1378 2384 1649 2433 differentes
1677 2386 1833 2448 pieees
1865 2384 1982 2431 dane
2016 2399 2082 2430 un
2118 2400 2219 2431 ou-

379 2477 529 2528 vrage
550 2464 607 2512 de
638 2465 972 2527 merqueterie.
995 2464 1091 2512 Pae
1113 2479 1181 2511 un
1204 2472 1354 2512 terme
1378 2463 1487 2520 dur,
1512 2463 1707 2520 innuite,
1730 2464 1818 2511 bas
1851 2477 1912 2511 ou
1937 2460 2216 2510 recherche.

377 2544 459 2593 Au
480 2545 581 2593 lieu
610 2544 677 2593 du
698 2551 802 2594 mot
824 2559 1016 2608 propre,
1047 2543 1086 2591 il
1105 2543 1368 2607 employeit
1387 2542 1701 2607 l'expreesion
1720 2541 1932 2606 sigui-ee,
1949 2539 2074 2588 meis
2101 2555 2219 2592 aveo

377 2633 485 2675 tent
520 2627 578 2675 de
599 2627 841 2689 bonhem,
878 2642 970 2689 que
999 2627 1180 2688 jamnis
1214 2627 1309 2674 elle
1332 2639 1392 2673 ne
1428 2626 1683 2689 pareieeait
1713 2640 1917 2689 neurper
1952 2639 2049 2673 une
2080 2626 2218 2685 place

376 2705 627 2767 eti-angere
654 2722 669 2753 ε
699 2705 793 2753 elle
815 2706 975 2753 venait
996 2710 1103 2753 tout
1122 2704 1496 2754 naturellement
1529 2720 1578 2754 ee
1604 2710 1774 2754 mettre
1795 2707 1825 2754 ὲ
1846 2704 1899 2753 la
1920 2705 2099 2753 sienne.
2133 2707 2215 2753 Au

374 2790 521 2842 reete,
540 2782 643 2831 rien
673 2784 789 2831 ohez
822 2785 897 2832 lui
922 2784 979 2832 de
1011 2782 1152 2831 leche
1182 2785 1232 2830 ni
1261 2782 1321 2831 de
1351 2781 1559 2832 decousu
1589 2803 1604 2838 ε
1629 2789 1736 2833 tout
1768 2784 1885 2832 etait
1918 2784 2142 2847 assnjetti
2181 2786 2214 2832 ὲ

373 2876 471 2911 une
503 2876 709 2921 mesure,
747 2871 796 2911 et
827 2868 949 2911 cette
989 2876 1179 2911 mesure
1214 2861 1383 2911 n’etait
1415 2864 1468 2912 ni
1508 2870 1785 2930 apparente,
1824 2865 1877 2911 ni
1909 2864 2130 2925 toujours
2160 2863 2212 2911 le

372 2944 549 3000 meniu
571 2941 662 2990 elle
686 2941 841 2989 sevait
864 2955 915 2989 ee
932 2943 1090 2989 vai-ier
1110 2947 1225 2988 etse
1265 2940 1438 2989 eucher
1464 2956 1577 2989 sons
1605 2942 1742 2991 mille
1768 2941 1946 2990 formes
1976 2941 2205 2989 diverses.

371 3020 469 3070 Son
498 3021 624 3085 style
645 3019 890 3070 etincelait
919 3019 977 3067 de
1013 3034 1089 3068 ces
1124 3028 1401 3068 ornemente
1441 3020 1791 3084 d'expressione
1819 3025 1868 3067 et
1893 3018 1954 3066 de
1988 3021 2202 3082 pensees,

368 3100 553 3163 quoles
595 3099 746 3149 Grecs
776 3100 1020 3163 appellent
1047 3098 1225 3161 figures
1253 3116 1265 3145 ι
1304 3098 1559 3148 distribues
1591 3099 1708 3146 dane
1737 3104 1844 3147 tout
1875 3098 1923 3145 le
1963 3097 2200 3153 discours,

366 3180 589 3229 c'eteient
608 3194 793 3228 comme
814 3186 987 3227 autent
1008 3179 1064 3227 de
1085 3180 1312 3227 brillents
1352 3178 1437 3242 qui
1464 3192 1525 3227 en
1553 3178 1815 3226 relevaient
1855 3178 1906 3225 la
1935 3191 2127 3239 perure.
2161 3175 2203 3225 11

364 3258 601 3307 saisisseit
620 3272 736 3307 eveo
747 3273 843 3306 une
861 3257 1045 3323 grande
1066 3258 1279 3321 sagacite
1294 3259 1341 3305 le
1367 3258 1504 3320 point
1524 3255 1580 3304 de
1601 3256 1652 3305 le
1674 3256 1916 3318 question,
1946 3255 2066 3318 qu’il
2091 3256 2201 3306 faut

362 3335 592 3387 ohel-cher
613 3337 733 3385 dane
766 3337 836 3386 lee
866 3338 1175 3386 nombreusee
1205 3336 1441 3385 foi-mules
1475 3335 1558 3383 des
1588 3335 1978 3398 jurisconsultes.
2029 3336 2195 3395 Enfin,

362 3428 436 3462 ees
458 3417 596 3479 plens
613 3419 792 3466 etaient
816 3416 1028 3480 dispones
1046 3431 1159 3463 aveo
1181 3423 1276 3476 art,
1318 3431 1405 3463 son
1433 3415 1594 3463 action
1622 3415 1787 3476 noble,
1827 3421 1959 3463 toute
1993 3429 2051 3463 se
2087 3429 2201 3462 ma-

360 3495 492 3541 niere
513 3497 672 3557 pleine
693 3497 751 3544 de
777 3497 931 3546 calme
952 3504 1000 3544 et
1022 3495 1080 3544 de
1102 3511 1307 3560 eagesse,

425 3569 623 3622 LXXX.
649 3576 698 3625 Si
718 3576 769 3624 la.
792 3575 1051 3640 perfectiori
1074 3575 1281 3624 consiste
1307 3576 1338 3622 'a
1358 3572 1516 3637 parler
1550 3587 1667 3622 avec
1703 3574 1863 3634 grace,
1911 3571 1951 3620 il
1983 3586 2046 3620 ne
2082 3570 2194 3621 seut
