2592 4084
424 325 539 386 :106
1205 331 1471 378 nntrrus.

425 459 481 510 et
507 451 753 507 delectus
783 449 1032 521 elegans,
1073 454 1129 505 et
1156 453 1286 521 apta
1334 454 1389 504 et
1422 449 1580 521 quasi
1616 449 1857 506 rotunda
1883 454 2215 509 constructio
2243 470 2260 525 ς

425 575 707 634 quumque
726 562 1053 630 argumenta
1076 557 1524 630 excogitabantur
1544 558 1615 614 ab
1640 574 1706 615 eo
1733 559 1911 616 multa
1930 564 1986 616 et
2010 559 2173 617 firma
2193 561 2264 616 ad

422 668 786 743 probandum,
815 673 936 724 tum
964 668 1243 724 concinnae
1285 672 1567 739 aeutaeque
1610 666 1931 737 sententiae;
1960 672 2264 739 gestusque

424 784 622 836 natura
644 778 720 835 ita
742 785 1029 852 venustus,
1054 784 1119 836 ut
1145 795 1236 835 ars
1280 779 1464 850 etiam,
1492 795 1618 851 quae
1654 794 1764 835 non
1789 783 1927 850 erat,
1960 784 2017 834 et
2035 795 2067 834 e
2096 779 2264 835 disei-

425 890 579 963 plina
621 896 803 946 motus
825 890 1051 961 quidam
1086 891 1370 948 videretur
1409 889 1693 947 accedere.
1723 891 1958 961 Vereor,
1982 905 2053 946 ne
2082 905 2269 946 amore

425 1004 619 1061 videar
642 1002 1002 1075 plura,quam
1027 1001 1234 1058 fuerint
1253 1001 1312 1057 in
1338 1001 1458 1073 illo,
1482 1000 1666 1057 dicere
1686 1018 1699 1070 3
1730 999 1881 1073 quod
1907 1015 2019 1055 non
2044 1000 2127 1056 ita
2151 1006 2266 1057 est:

428 1113 540 1170 alia
564 1113 713 1168 enim
739 1112 807 1169 de
835 1112 930 1167 illo
954 1111 1164 1184 maJora
1189 1111 1301 1167 dici
1328 1115 1560 1184 possunt
1584 1129 1599 1184 ;
1626 1126 1754 1169 nam
1780 1126 1883 1166 nee
1910 1111 2268 1183 continentia,

428 1239 529 1280 nec
548 1223 773 1295 pietate,
817 1236 919 1277 nee
962 1219 1079 1276 ullo
1123 1235 1331 1292 genere
1360 1220 1584 1277 virtutis
1626 1236 1965 1294 quemquam
2011 1220 2268 1292 ejusdem

430 1334 606 1390 aetatis
631 1349 758 1390 oum
782 1331 880 1387 illo
905 1331 1261 1388 eonferedum
1287 1336 1442 1404 puto.

498 1443 725 1497 LXXIX.
750 1441 799 1496 N
801 1455 866 1496 ee
880 1455 1015 1498 vero
1034 1440 1110 1495 M.
1124 1437 1355 1496 Coelium
1378 1438 1826 1511 praetereundum
1844 1438 2100 1510 arbitror,
2120 1455 2245 1511 quae
2258 1470 2275 1480 -

433 1563 666 1619 eumque
695 1545 816 1618 ejus
839 1547 897 1602 in
925 1547 1073 1603 exitu
1100 1547 1191 1605 vel
1216 1547 1454 1618 fortuna,
1484 1545 1571 1604 vel
1599 1563 1755 1604 mens
1779 1548 1918 1603 fuit:
1949 1547 2048 1621 qui
2078 1564 2271 1620 quam—

435 1658 531 1714 diu
563 1655 875 1712 auctoritati
894 1672 1032 1713 meae
1052 1656 1255 1729 paruit,
1269 1656 1399 1712 talis
1417 1656 1671 1713 tribunus
1685 1656 1867 1729 plebis
1882 1656 2012 1729 fuit,
2030 1662 2094 1714 ut
2107 1674 2270 1715 nemo

435 1771 624 1822 eontra
671 1764 875 1823 civium
917 1751 1259 1837 perditorum
1309 1765 1633 1838 popularem
1658 1767 2145 1842 turbulentamque
2171 1769 2274 1824 de-

435 1879 715 1951 mentiam,
742 1894 776 1935 a
801 1884 1014 1950 senatu,
1042 1885 1099 1936 et
1120 1895 1154 1935 a
1179 1879 1451 1936 bonorum
1478 1894 1644 1936 eausa
1663 1879 1879 1936 steterit
1898 1881 2273 1953 constantius;

433 2037 650 2101 elegante
683 2038 1038 2088 s’arrondissait
1062 2053 1122 2088 en
1145 2039 1360 2103 periodos
1386 2040 1763 2098 harmonicum,
1802 2047 1850 2089 et
1887 2041 1971 2090 des
1993 2048 2277 2105 arguments

436 2133 612 2183 solides
628 2139 675 2182 et
706 2135 977 2183 nombreux
997 2134 1177 2183 etaient
1198 2135 1380 2183 releves
1401 2151 1490 2199 par
1513 2150 1610 2185 une
1631 2136 1765 2185 fonle
1791 2136 1851 2185 de
1873 2140 2069 2199 penades
2091 2137 2213 2186 fines
2225 2144 2277 2187 et

434 2234 704 2297 piquantes.
737 2232 833 2281 Son
852 2240 986 2297 geste
1005 2234 1121 2282 etait
1147 2236 1523 2285 naturellement
1554 2236 1599 2284 si
1629 2237 1879 2299 graeieux,
1912 2252 2003 2299 que
2033 2239 2162 2292 Part,
2189 2240 2278 2301 qui

435 2328 701 2391 oependant
728 2330 813 2392 n'y
833 2330 1010 2378 entrait
1032 2345 1153 2394 pour
1170 2333 1294 2388 rien,
1317 2330 1572 2393 paraissait
1593 2344 1654 2378 en
1678 2330 1817 2380 avoir
1828 2332 1961 2393 re'gle
1980 2332 2046 2379 les
2073 2345 2282 2380 mouve-

436 2433 610 2474 ments.
635 2427 696 2476 Je
711 2427 872 2475 oraine
894 2428 1042 2490 qu'on
1077 2442 1137 2477 ne
1176 2442 1453 2491 soupeonne
1477 2441 1558 2475 ma
1584 2425 1829 2475 tenax-esse
1865 2425 2141 2490 d'exagerer
2181 2442 2281 2477 son

436 2523 629 2588 merite5
650 2525 772 2571 mais
792 2540 912 2582 non,
934 2530 983 2572 et
1001 2526 1051 2587 je
1078 2526 1297 2587 pourrais
1323 2537 1496 2571 enoore
1512 2523 1652 2571 louer
1669 2538 1731 2571 en
1754 2523 1902 2571 Pison
1934 2522 1994 2571 de
2010 2522 2119 2586 plus
2129 2539 2282 2587 gran·

437 2618 519 2666 des
549 2603 770 2681 qualites.
795 2622 890 2670 Car
905 2635 1028 2684 pour
1049 2621 1266 2684 l’empire
1299 2635 1385 2668 sur
1401 2634 1476 2668 ses
1501 2620 1743 2683 passione,
1779 2620 1831 2668 la
1865 2620 2013 2669 bonte
2033 2620 2098 2669 du
2121 2637 2275 2682 ooeur,

436 2720 592 2763 tontes
613 2718 682 2764 les
706 2723 867 2765 vex-tus
893 2716 1042 2773 enfin,
1065 2717 1117 2779 je
1136 2731 1197 2766 ne
1219 2731 1362 2781 pense
1379 2732 1465 2779 pas
1489 2718 1731 2778 qu’auoun
1761 2716 1971 2766 Romaiu
2003 2717 2062 2768 de
2084 2733 2170 2768 son
2184 2724 2279 2785 age

437 2812 597 2873 puisse
618 2812 691 2860 lui
716 2817 816 2860 etro
828 2814 1066 2876 compare.

503 2909 727 2957 LXXIX.
758 2908 819 2958 Je
842 2925 903 2956 ne
933 2910 1061 2957 ereis
1095 2923 1183 2972 pas
1219 2907 1385 2956 devoir
1418 2923 1581 2971 passer
1613 2909 1727 2959 sous
1769 2910 1945 2959 silence
1979 2912 2050 2960 Μ.
2088 2913 2277 2973 celius,

438 3007 573 3068 quels
596 3008 812 3068 qu’aient
832 3009 905 3055 ete
927 3009 959 3054 ὲ.
989 3008 1042 3055 la
1062 3005 1132 3055 fin
1153 3006 1213 3055 de
1230 3021 1286 3054 sa
1311 3006 1389 3054 vie
1416 3020 1482 3054 ou
1504 3021 1559 3054 sa
1593 3007 1839 3055 mauvaise
1863 3007 2060 3057 fortune
2094 3025 2158 3058 ou
2185 3027 2280 3061 son

439 3105 657 3152 mauvais
693 3104 858 3167 esprit.
899 3104 1029 3152 Tant
1062 3102 1183 3167 qu’il
1220 3101 1370 3152 suivit
1399 3117 1501 3151 mes
1530 3104 1757 3165 eonseils,
1792 3118 1955 3152 aucun
1991 3105 2185 3169 eitoyen
2218 3125 2283 3157 ne

440 3200 655 3249 defendit
676 3216 791 3250 aveo
811 3201 921 3265 plus
943 3201 1002 3250 de
1022 3200 1238 3262 fermete,
1262 3201 1384 3264 qu’il
1415 3214 1477 3249 ne
1509 3200 1556 3249 le
1586 3199 1644 3248 fit
1670 3199 1794 3248 dans
1828 3214 1918 3248 son
1958 3201 2196 3260 tribunat,
2233 3204 2286 3251 1⁸

437 3314 582 3348 oense
603 3300 672 3348 du
692 3301 829 3349 senat
850 3306 898 3348 et
921 3298 1004 3347 des
1025 3314 1146 3363 gens
1176 3299 1234 3348 de
1265 3300 1379 3348 bien
1411 3304 1577 3347 oontre
1606 3298 1680 3346 les
1709 3296 1902 3347 fureurs
1932 3296 2206 3362 populaires
2232 3306 2283 3349 et

439 3397 658 3446 l'audaee
679 3397 897 3446 insensee
927 3396 1010 3445 des
1039 3410 1266 3461 pervers;
1304 3401 1352 3444 et
1377 3408 1449 3442 ses
1473 3406 1750 3457 eourageux
1784 3392 1952 3442 efforts
1992 3393 2176 3442 etaient
2206 3409 2287 3444 se-

440 3494 615 3544 oondes
634 3510 721 3558 par
744 3510 839 3545 une
859 3494 1118 3558 eloquenee
1138 3492 1386 3556 brintum,
1412 3489 1575 3550 noble,
1600 3495 1648 3539 et
1680 3495 1874 3539 surtout
1898 3488 2059 3554 pleine
2084 3488 2285 3554 d’sgre'·
