2592 4084
512 392 628 451 316
741 412 754 422 ‘
1303 398 1538 446 saurus

509 521 755 590 animos;
802 532 1056 573 somnum
1078 516 1183 571 isto
1209 515 1331 571 loco
1361 515 1456 573 vix
1476 515 1820 572 tenebamus,
1849 533 1876 565 s
1909 515 1999 569 Sic
2022 530 2121 570 nos
2147 531 2371 574 summt

512 621 746 677 oratoris
765 618 856 675 vel
875 618 1126 688 sanitate,
1153 616 1243 674 vel
1268 616 1420 685 vitio,
1449 632 1550 690 pro
1579 621 1906 688 argumento
1935 617 2006 671 ad
2031 616 2367 676 diluendum

519 717 723 773 crimen
750 714 836 770 usi
864 731 1073 769 sumus,

581 843 653 853 —
678 815 815 868 Tum
852 814 1073 881 BrutuS,
1096 813 1269 884 Atque
1296 809 1634 883 dubitamus,
1661 811 1856 883 inquit,
1873 817 2060 867 utrum
2089 810 2200 866 ista
2211 810 2365 868 sani-

517 913 597 969 tas
619 909 805 980 fuerit,
835 924 907 965 an
932 907 1173 966 vitium?
1201 907 1329 979 quis
1357 908 1507 964 enim
1534 923 1645 964 non
1667 909 1921 980 fateatur,
1952 925 2127 980 quum
2152 925 2225 964 ex
2250 924 2370 964 om-

512 1008 678 1069 nibus
726 1005 961 1063 oratoris
1009 1004 1268 1063 laudibus
1291 1005 1456 1078 longe
1490 1003 1599 1062 ista
1618 1005 1690 1061 sit
1731 1007 1987 1077 maxima,
2016 1006 2369 1064 inflammare

515 1105 727 1160 animos
754 1103 1117 1169 audientium,
1147 1107 1221 1174 et,
1253 1101 1602 1176 quocumque
1630 1119 1720 1158 res
1743 1103 1983 1174 postulet
2004 1102 2197 1172 modo,
2227 1103 2368 1160 flec-

514 1204 653 1264 tere,
681 1199 776 1270 qui
800 1199 906 1255 hac
930 1198 1135 1256 virtute
1165 1199 1428 1270 caruerit,
1462 1198 1520 1253 id
1542 1199 1615 1267 ei,
1645 1200 1792 1271 quod
1830 1199 2134 1256 maximum
2170 1197 2369 1263 fuerit,

519 1294 800 1350 defuisse?

586 1391 813 1447 LXXXI.
832 1424 894 1435 --
909 1391 990 1447 Sit
1017 1405 1149 1447 sane
1178 1392 1274 1455 ita,
1295 1390 1544 1468 inquam3
1571 1392 1667 1448 sed
1692 1392 1988 1450 redeamus
2008 1392 2077 1447 ad
2104 1406 2255 1461 eum,
2272 1391 2369 1464 qui

512 1489 631 1560 jam
653 1506 799 1545 unus
839 1494 1028 1560 restat,
1071 1489 1425 1546 Hortensium
1449 1497 1489 1546 ε·
1515 1494 1632 1546 tum
1664 1489 1731 1544 de
1758 1487 2036 1546 nobismet
2056 1488 2372 1562 ipsiS,quo-

518 1586 670 1641 niam
700 1586 759 1641 id
790 1586 981 1651 etiam,
1008 1590 1192 1657 Brute,
1218 1585 1485 1657 postulas,
1528 1600 1705 1655 pauca
1728 1583 1997 1639 dicemus,
2037 1584 2372 1655 Quanquam

517 1682 771 1739 facienda
787 1682 993 1740 mentio
1023 1688 1125 1755 est,
1146 1687 1210 1740 ut
1231 1682 1460 1756 quidem
1479 1680 1617 1740 mihi
1631 1681 1874 1748 videtur,
1887 1680 2126 1738 duorum
2144 1679 2371 1738 adoles-

518 1777 785 1849 centium,
809 1778 925 1851 qui,
956 1778 1003 1832 si
1021 1776 1229 1833 diutius
1248 1775 1530 1846 vixissent,
1554 1792 1813 1848 magnam
1833 1780 2019 1832 essent
2038 1776 2371 1847 eloquentia

518 1874 745 1932 laudem
772 1874 1072 1932 consecuti.
1089 1874 1233 1930 —C.
1261 1874 1553 1933 Curionem
1574 1880 1651 1945 te,
1679 1873 2088 1946 inquitBrutus,
2121 1879 2178 1930 et
2193 1874 2254 1930 C.
2277 1873 2374 1932 Li·-

522 1972 729 2028 cinium
752 1972 982 2028 Calvum
1003 1971 1242 2027 arbitror
1253 1971 1747 2042 dicere.—Recte,
1776 1969 2024 2043 inquam,
2048 1970 2370 2026 arbitraris:

520 2170 644 2206 nous
666 2154 917 2218 empecher
947 2154 1006 2204 de
1028 2154 1211 2206 dormit
1239 2171 1326 2206 eur
1349 2172 1440 2206 nos
1474 2157 1647 2220 eieges.
1683 2174 1709 2200 ι
1734 2155 1867 2206 C’est
1902 2156 2030 2207 ainsi
2063 2172 2159 2221 que
2189 2158 2244 2210 le
2270 2174 2371 2209 sa.-

519 2263 656 2314 gesse
678 2263 742 2298 ou
774 2248 821 2296 le
852 2247 1017 2297 defaut
1036 2247 1155 2297 d'un
1175 2249 1337 2314 grand
1357 2256 1551 2299 orateur
1582 2264 1659 2298 me
1678 2248 1865 2299 fournit
1882 2264 1949 2298 un
1963 2258 2224 2313 argument
2241 2266 2381 2315 pour

519 2341 704 2390 refutet
722 2355 810 2390 son
843 2341 1140 2391 accusation.

588 2462 653 2472 —
676 2435 1080 2494 Pouvone-nous,
1097 2434 1171 2485 dit
1206 2436 1409 2495 Brutus,
1433 2441 1607 2494 mettre
1627 2450 1688 2484 en
1730 2437 1950 2499 quesh'on
1974 2435 2023 2485 ei
2044 2450 2101 2486 oe
2120 2436 2206 2485 fut
2228 2438 2294 2487 de
2321 2440 2379 2490 lu

520 2543 716 2592 eagesse
738 2542 804 2578 ou
835 2543 903 2577 un
926 2526 1123 2577 defeat?
1145 2526 1362 2591 Puisque
1395 2527 1453 2577 de
1482 2534 1593 2576 tous
1622 2528 1694 2577 les
1723 2529 1919 2580 meritos
1943 2527 2003 2577 de
2026 2528 2282 2591 Pontem,
2323 2534 2374 2583 le

519 2621 630 2683 plus
655 2621 815 2683 grand
831 2626 920 2677 est,
954 2635 1069 2670 sane
1097 2621 1359 2679 contrudit,
1383 2620 1713 2672 ‹l’enflammer
1747 2636 1836 2671 son
1867 2622 2110 2676 auditoire
2124 2631 2176 2676 et
2203 2624 2262 2674 de
2292 2628 2372 2678 lui

519 2709 644 2757 faire
667 2712 869 2774 prendre
885 2712 956 2759 les
972 2710 1286 2773 impressione
1305 2710 1375 2759 les
1403 2712 1514 2775 plus
1538 2712 1811 2762 favorables
1830 2715 1861 2762 ὲ
1879 2715 1931 2764 la
1951 2730 2114 2778 cause,
2154 2725 2371 2782 peut-on
2394 2711 2398 2715 ¹

519 2800 628 2849 niet
660 2816 752 2863 que
775 2803 901 2851 celui
929 2803 1016 2863 qui
1038 2815 1248 2866 menque
1272 2801 1335 2849 de
1360 2817 1416 2851 ce
1452 2805 1622 2864 talent,
1660 2819 1873 2867 menqne
1906 2806 1974 2854 du
2005 2807 2115 2873 plus
2141 2813 2371 2863 essentiel

523 2892 581 2942 de
600 2901 708 2942 tous
730 2895 800 2941 les
817 2895 994 2943 telents
1012 2889 1038 2943 ἓ

584 2985 810 3035 LXXXI.
835 3013 900 3023 —
926 2987 974 3037 A
993 2989 1046 3037 la.
1066 2989 1227 3038 bonne
1248 2988 1417 3052 heure,
1436 2988 1622 3039 Brutus
1639 3007 1653 3050 ς
1678 2990 1804 3040 mais
1830 3005 2067 3044 revenons
2086 2996 2119 3043 ὲ
2141 2995 2362 3048 Horten-

523 3077 642 3136 sius,
666 3078 712 3126 le
730 3079 837 3127 seul
857 3078 976 3128 dont
993 3082 1030 3129 il
1059 3096 1184 3131 nous
1211 3088 1338 3131 reete
1369 3084 1400 3130 ὲ
1437 3083 1615 3146 parler.
1644 3082 1863 3147 Eumne,
1891 3086 1944 3147 je
1973 3085 2100 3137 dirui
2134 3088 2369 3152 quelques

521 3173 648 3218 mots
685 3167 745 3216 de
776 3167 1077 3228 moi-meme,
1109 3171 1314 3234 puisque
1350 3185 1473 3219 vous
1515 3171 1740 3234 l’exigez.
1789 3172 2069 3237 Cependnnt
2098 3176 2137 3224 il
2168 3176 2293 3236 faut,
2317 3181 2371 3244 je

519 3273 683 3323 pense,
705 3260 827 3310 faire
848 3262 1066 3311 mention
1090 3263 1149 3311 de
1172 3263 1301 3312 deux
1314 3262 1485 3325 jeunes
1507 3277 1646 3327 gene,
1684 3266 1924 3330 nuxquels
1958 3267 1998 3318 il
2032 3269 2116 3318 n'a
2156 3276 2371 3336 maeque

522 3374 614 3423 que
638 3358 697 3407 de
721 3360 857 3408 vivre
882 3361 995 3424 plus
1021 3361 1297 3424 longtemps
1342 3376 1467 3425 pour
1505 3361 1726 3423 aequerir
1767 3377 1866 3411 une
1904 3363 2053 3413 haute
2087 3367 2370 3429 reputetion

520 3450 847 3514 d’eloquence.
879 3479 946 3491 —
968 3453 1091 3506 Sans
1118 3454 1263 3504 doute
1282 3468 1406 3503 vous
1425 3454 1593 3502 voulez
1615 3454 1775 3517 parler
1797 3455 1857 3505 de
1889 3456 1945 3506 C.
1981 3456 2186 3516 Curion,
2227 3469 2276 3512 et
2309 3464 2372 3513 dc,

518 3539 738 3593 Licinius
767 3546 964 3595 Calvus.
984 3573 1044 3583 -
1063 3546 1457 3595 D'eux-memesz
1476 3546 1583 3595 l'un
1605 3546 1808 3598 debitait
1830 3563 1927 3598 une
1947 3550 2216 3602 multitude
2257 3556 2373 3605 infi-
