2592 4084
441 346 560 401 250
1236 360 1500 404 Bnu'rus.

437 490 540 531 nec
562 473 696 530 satis
718 479 974 531 versatus
993 474 1052 529 in
1077 473 1289 547 causis;
1317 475 1745 549 interJ'ectusque
1779 477 1926 533 inter
1965 477 2104 533 duas
2153 483 2292 534 aeta-

436 578 541 644 tes,
572 573 851 629 Hortensii
879 578 937 629 et
962 573 1213 646 Sulpicii,
1245 591 1348 631 nec
1380 574 1649 648 majorem
1674 576 1942 648 consequi
1962 580 2203 649 poterat,
2237 583 2297 634 et

438 667 639 725 minori
686 685 912 748 necesse
953 677 1073 727 erat
1102 672 1321 728 cedere.
1366 672 1544 743 Hujus
1582 673 1760 728 omnis
1795 672 2032 729 facultas
2072 690 2145 729 ex
2175 673 2296 729 his-

435 767 580 822 toria
601 765 779 839 ipsius
797 767 1041 839 perspici
1076 774 1259 841 potest
1284 787 1299 824 :
1327 786 1450 841 quae
1478 785 1648 841 quum
1684 770 1846 826 facile
1886 786 2080 827 omnes
2107 773 2297 830 vincat

436 864 772 936 superiores,
820 870 940 920 tum
978 866 1185 922 indicat
1226 872 1435 938 tamen,
1470 872 1736 938 quantum
1780 867 1924 924 absit
1967 883 2001 924 a
2048 884 2292 930 summo,

437 979 713 1036 quamque
740 978 919 1034 genus
944 963 1049 1019 hoc
1087 963 1403 1036 scriptionis
1429 964 1678 1021 nondum
1705 964 1781 1020 sit
1799 965 1935 1021 satis
1970 965 2162 1023 latinis
2199 967 2300 1022 lit-

438 1062 575 1116 teris
604 1059 962 1116 illustratum.
1547 1129 1558 1139 Ι

509 1159 651 1213 Nam
690 1157 754 1223 Q.
803 1155 1081 1212 Hortensii
1123 1157 1422 1212 admodum
1465 1156 1828 1214 adolescentis
1868 1157 2186 1229 ingenium,
2201 1178 2220 1191 ·
2237 1164 2301 1214 ut

441 1252 654 1309 Phidiae
712 1253 956 1325 signum,
1010 1253 1176 1309 simul
1233 1253 1556 1326 adspectum
1613 1260 1672 1311 et
1690 1256 1983 1326 probatum
2049 1263 2156 1313 est.
2222 1260 2297 1325 Is,

439 1351 500 1405 L.
531 1351 751 1422 Crasso,
780 1352 845 1418 Q.
884 1351 1131 1407 Scaevola
1163 1351 1502 1424 consulibus,
1528 1352 1775 1424 primum
1805 1353 1864 1408 in
1903 1353 2024 1409 foro
2055 1353 2209 1424 dixit,
2244 1360 2304 1410 et

441 1448 592 1520 apud
618 1449 721 1503 hos
748 1448 897 1520 ipsos
926 1448 1151 1521 quidem
1179 1448 1456 1520 consuleS,
1485 1454 1542 1504 et
1569 1464 1740 1520 quum
1762 1465 1977 1520 eorum,
2002 1450 2102 1521 qui
2123 1450 2302 1505 affue-

439 1549 592 1617 runt,
618 1551 739 1600 tum
763 1545 1010 1618 ipsorum
1035 1547 1346 1617 consulum,
1383 1546 1477 1618 qui
1519 1562 1713 1602 omnes
1740 1545 2116 1617 intelligentia
2149 1552 2306 1602 ante-

443 1642 618 1713 ibant,
647 1641 855 1713 judicio
888 1643 1144 1699 discessit
1183 1644 1467 1714 probatus.
1512 1642 1878 1714 Undeviginti
1920 1658 2097 1697 annos
2135 1646 2303 1698 natus

444 1743 565 1793 erat
588 1752 654 1793 eo
673 1742 944 1810 tempore.
971 1743 1068 1795 Est
1093 1744 1282 1795 autem
1320 1741 1381 1793 L.
1427 1737 1642 1809 Paullo,
1673 1740 1735 1796 C.
1763 1737 2025 1794 Marcello
2054 1737 2304 1793 consuli-

442 1834 548 1890 bus
567 1840 820 1891 mortuus
846 1854 859 1891 ε
892 1852 958 1892 ex
980 1852 1086 1909 quo
1115 1835 1389 1907 videmus,
1421 1851 1550 1891 eum
1578 1836 1637 1890 in
1670 1841 2031 1908 patronorum
2062 1849 2304 1890 numero

445 2094 541 2143 snit
560 2100 667 2156 trop
686 2097 931 2141 rarement
954 2106 1018 2138 au
1037 2092 1261 2140 barreau.
1289 2093 1437 2140 Place
1457 2107 1546 2156 par
1565 2107 1653 2140 son
1674 2093 1765 2154 fige
1787 2095 1922 2139 entre
1938 2089 2309 2152 les-triomphes

446 2177 679 2225 oratoires
705 2176 763 2224 de
786 2174 1033 2238 Sulpicius
1060 2183 1108 2223 et
1135 2191 1260 2224 ceux
1283 2176 1653 2232 d’Hortensius,
1682 2175 1720 2222 il
1748 2188 1810 2222 ne
1834 2174 2037 2236 pouvait
2061 2172 2310 2221 atteindre

446 2264 476 2310 ὲ
498 2261 549 2311 la
573 2260 781 2309 hauteur
804 2259 871 2307 du
896 2261 1122 2322 premier,
1160 2268 1208 2308 et
1242 2259 1407 2310 c’etait
1428 2276 1525 2309 une
1546 2259 1777 2308 necessite
1803 2257 1924 2321 qu’il
1951 2257 2093 2305 ceth
2122 2271 2186 2304 su
2221 2272 2311 2306 se·-

445 2346 592 2396 cond.
621 2344 698 2397 On
721 2350 836 2409 pent
850 2345 997 2408 juger
1020 2344 1080 2392 de
1104 2360 1193 2393 son
1216 2346 1372 2393 talent
1397 2360 1486 2408 par
1506 2342 1744 2393 l’histoire
1768 2343 1889 2405 qu’il
1909 2357 2035 2389 nous
2059 2356 2089 2388 a
2108 2342 2306 2389 laissee.

446 2429 759 2495 Superieure,
797 2444 911 2479 sans
945 2429 1206 2488 contredit,
1248 2430 1278 2476 ὲ
1310 2435 1471 2478 toutes
1506 2427 1649 2477 celles
1684 2427 1770 2488 qui
1804 2427 2001 2474 avaient
2033 2440 2157 2488 pern
2188 2424 2312 2489 jus-

447 2516 677 2577 qu’alors‚
698 2515 793 2563 elle
809 2520 881 2562 est
897 2513 1167 2576 cependant
1187 2513 1301 2561 bien
1320 2513 1538 2575 eloignee
1556 2511 1613 2559 de
1631 2511 1681 2558 la
1698 2508 1981 2572 perfectiori,
2007 2516 2056 2556 et
2073 2509 2176 2557 l‘on
2198 2516 2311 2559 sent

447 2598 669 2645 combien
698 2603 820 2646 cette
842 2596 1055 2645 branehe
1078 2596 1161 2643 des
1184 2595 1353 2644 lettres
1383 2597 1559 2644 latines
1585 2608 1617 2642 a
1642 2608 1814 2642 encore
1836 2593 2006 2640 besoin
2031 2592 2312 2654 d’aequerir

448 2677 623 2727 d’eclat
644 2687 694 2728 et
712 2680 770 2728 de
793 2679 1204 2741 developpement.

513 2761 647 2809 Pour
677 2760 738 2820 Q.
775 2761 1077 2821 Hortensius,
1118 2776 1174 2808 sa
1206 2760 1440 2823 premiere
1470 2759 1695 2822 jeunesse
1725 2759 1806 2808 fut
1836 2761 2065 2821 marquee
2102 2773 2194 2822 par
2223 2758 2313 2809 des

448 2844 633 2901 succes,
670 2851 718 2890 et
751 2857 840 2890 son
875 2844 1033 2905 genie,
1072 2857 1258 2890 comme
1291 2843 1361 2890 les
1395 2842 1776 2892 chefe-d‘oeuvre
1811 2841 1870 2889 de
1901 2840 2127 2898 Phidias,
2167 2856 2219 2889 se
2251 2841 2313 2892 fit

449 2924 709 2988 applaudir
733 2927 940 2973 aussitot
962 2926 1083 2988 qu'il
1113 2939 1163 2972 se
1186 2931 1398 2973 montra.
1425 2925 1490 2974 Ce
1512 2925 1591 2973 fut
1617 2938 1731 2973 sous
1752 2926 1798 2973 le
1820 2925 2043 2973 consulat
2067 2924 2128 2972 de
2152 2925 2314 2974 cru-

450 3024 535 3057 ens
567 3016 615 3055 et
642 3006 700 3055 de
735 3007 958 3065 scevola,
999 3014 1047 3056 et
1081 3009 1258 3055 devant
1294 3023 1374 3056 ces
1407 3009 1606 3057 consuls
1638 3010 1968 3069 eux-memes,
2006 3008 2131 3069 qn’il
2167 3009 2315 3070 pau-ln.

448 3107 574 3157 pour
596 3092 647 3139 la
666 3092 900 3155 premiere
928 3092 1022 3140 fois
1049 3106 1114 3139 au
1144 3091 1306 3140 sorum
1324 3129 1337 3152 ,
1373 3099 1421 3139 et
1446 3093 1484 3140 il
1519 3099 1737 3155 emporta
1768 3092 1842 3141 les
1874 3090 2133 3154 stiffi-ages,
2174 3106 2312 3140 non-

451 3177 719 3225 seulement
741 3175 800 3223 de
826 3181 936 3224 tous
959 3177 1030 3224 les
1053 3175 1318 3235 audimur-s,
1345 3177 1469 3225 meis
1492 3176 1577 3225 des
1598 3176 1727 3225 deux
1748 3177 1994 3225 meilleurs
2011 3175 2160 3240 juges
2183 3174 2317 3239 qu’il

451 3275 487 3324 y
504 3262 587 3308 eflt
606 3261 740 3308 alors
757 3259 821 3308 du
841 3260 995 3308 telent
1014 3262 1241 3310 oratoire.
1262 3261 1305 3310 11
1328 3262 1461 3309 avait
1480 3262 1510 3308 ὲ
1531 3267 1654 3320 cette
1669 3262 1852 3324 epoque
1870 3260 2104 3309 dix-neuf
2120 3275 2232 3319 ans,
2261 3266 2316 3310 et

452 3344 490 3391 il
514 3351 588 3394 est
610 3351 738 3392 mort
763 3358 878 3392 sous
899 3344 946 3391 le
968 3346 1194 3392 consulat
1215 3344 1274 3392 de
1300 3344 1356 3392 L.
1386 3345 1594 3392 Paullus
1615 3350 1665 3392 et
1686 3344 1744 3391 de
1766 3344 1823 3392 C.
1853 3344 2147 3392 Marcellust
2176 3344 2313 3393 ainsi

453 3442 508 3475 sa
526 3429 642 3476 voix
668 3430 778 3500 s’est
803 3428 894 3477 seit
926 3428 1154 3476 entendre
1182 3444 1246 3476 au
1278 3430 1486 3476 barreau
1514 3429 1726 3492 pendant
1748 3435 2182 3490 quaranta-quatre
2213 3442 2316 3476 an-

453 3513 582 3561 nees.
618 3512 815 3562 Bientot
846 3528 970 3563 nous
1003 3514 1251 3577 parlerons
1284 3513 1399 3578 plus
1431 3511 1723 3576 amplement
1751 3511 1810 3560 de
1842 3519 1918 3560 cet
1950 3519 2181 3570 orateun
2213 3508 2313 3571 j'ei
