2592 4084
438 368 516 423 56
1231 373 1490 418 BRUTUS.

433 491 560 547 fieri
608 491 887 562 coegerit3
912 489 1061 561 quod
1088 488 1194 545 fuit
1230 504 1622 560 permagnum,
1651 487 1899 543 nondum
1934 488 2060 558 lege
2089 487 2286 543 Maenie

434 585 572 639 lata.
611 584 766 638 Licet
806 582 1016 654 aliquid
1055 582 1219 637 etiam
1278 582 1347 636 de
1387 584 1462 636 M.
1492 580 1690 651 Popilii
1726 580 1949 650 ingenio
1994 580 2284 650 suspicati,

435 677 550 748 qui,
575 690 747 747 quum
775 675 969 731 consul
1008 680 1176 746 esset,
1208 672 1516 747 eodemque
1544 680 1789 745 tempore
1824 672 2154 728 sacrificium
2182 686 2286 743 pu-

432 769 642 824 blicum
688 784 814 823 cum
857 769 999 824 laena
1024 769 1256 839 faceret,
1299 769 1449 839 quod
1494 773 1615 823 erat
1657 768 1858 822 flamen
1900 766 2284 845 CarmentaliS,

433 859 618 932 plebei
659 868 850 916 contra
885 865 1070 932 patres
1113 860 1480 916 concitatione
1527 866 1584 915 et
1623 858 1892 914 seditione
1923 859 2195 929 nuntiata,
2226 864 2287 913 ut

436 959 557 1008 erat
598 953 739 1007 laena
778 953 1031 1019 amictus,
1064 952 1140 1007 ita
1179 952 1335 1008 venit
1376 952 1432 1007 in
1473 951 1815 1020 concionem,
1845 950 2283 1022 seditionemque

434 1061 606 1117 quum
648 1046 991 1114 auctoritate,
1022 1052 1141 1100 tum
1183 1046 1432 1101 oratione
1478 1044 1713 1101 sedavit.
1758 1044 1866 1099 Sed
1909 1061 2006 1100 eos
2042 1051 2286 1100 oratores

433 1136 651 1192 habitos
690 1152 832 1208 esse,
855 1141 952 1192 aut
989 1137 1209 1191 omnino
1246 1144 1368 1191 tum
1405 1136 1583 1191 ullum
1623 1136 1953 1209 eloquentiae
1996 1135 2286 1208 praemium

432 1231 621 1297 fuisse,
651 1230 791 1287 nihil
824 1246 954 1285 sane
984 1229 1120 1284 mihi
1154 1228 1365 1300 legisse
1401 1231 1624 1301 videor3
1655 1230 2036 1286 tantummodo
2065 1228 2287 1301 conjec-

430 1329 558 1380 tura
592 1323 764 1378 ducor
787 1322 859 1378 ad
884 1321 1300 1392 suspicandum.
1332 1321 1542 1377 Dicitur
1569 1321 1736 1377 etiam
1763 1323 1843 1377 C..
1859 1322 2184 1394 Flaminiae,
2215 1322 2286 1391 is,

432 1417 528 1488 qui
551 1416 808 1470 tribunus
831 1412 1011 1485 plebis
1040 1413 1245 1487 legem,
1272 1415 1341 1470 de
1366 1430 1502 1486 agro
1532 1414 1740 1470 Gallico
1773 1420 1829 1470 et
1852 1413 2053 1469 Piceno
2082 1412 2287 1470 viritim

433 1504 729 1560 dividendo
769 1504 980 1575 tulerit,
1010 1506 1106 1577 qni
1129 1505 1321 1560 consul
1350 1506 1498 1576 apud
1528 1504 1912 1560 Trasimenum
1934 1503 2006 1559 sit
2027 1502 2285 1559 interfec-

431 1605 541 1668 tuS,
570 1598 640 1653 ad
667 1597 935 1670 populum
961 1596 1202 1654 valuisse
1243 1596 1499 1654 dicendo.
1530 1599 1594 1664 Q.
1633 1597 1802 1653 etiam
1839 1596 2112 1651 Maximus
2153 1596 2285 1651 Ver-

431 1707 664 1747 rucosus
706 1697 893 1747 orator
920 1690 1143 1746 habitus
1190 1695 1277 1746 est
1313 1690 1657 1760 temporibus
1685 1685 1817 1754 inis,
1850 1697 1907 1745 et
1933 1691 1999 1757 Q.
2031 1684 2288 1746 Metellus

429 1785 503 1856 iS,
535 1785 631 1859 qui
656 1784 806 1841 bello
829 1785 1039 1840 Punico
1072 1783 1317 1839 secundo
1340 1798 1468 1838 cum
1497 1785 1558 1838 L.
1585 1783 1814 1839 Veturio
1833 1782 2066 1838 Philone
2093 1781 2286 1839 consul

432 1877 555 1933 fuit.

499 1976 610 2029 XV.
653 1975 830 2042 Quem
869 1987 1003 2029 vero
1026 1977 1224 2042 exstet,
1254 1977 1313 2026 et
1342 1970 1411 2026 de
1444 1986 1552 2042 quo
1581 1970 1654 2024 sit
1675 1969 1956 2025 memoriae
1983 1970 2284 2041 proditum,

431 2178 662 2225 d'avance
696 2177 934 2223 l'election
962 2175 1045 2235 qui
1068 2175 1214 2221 serait
1235 2174 1354 2220 faite
1389 2189 1403 2235 3
1437 2174 1601 2221 succes
1624 2175 1735 2221 bien
1753 2174 2108 2233 remquablo,
2135 2176 2166 2220 a
2193 2182 2294 2220 une

428 2261 611 2319 epcque
633 2257 699 2304 οὺ,
722 2255 774 2302 la
796 2254 864 2303 loi
886 2254 1050 2302 Meuia
1074 2255 1323 2300 n’existait
1349 2269 1435 2316 pas
1455 2270 1643 2302 encore.
1672 2253 1749 2303 On
1777 2259 1891 2315 peut
1911 2254 2040 2300 aussi
2060 2266 2290 2316 supposer

431 2337 496 2383 du
524 2335 678 2384 talent
699 2336 728 2383 a
743 2332 813 2382 Μ.
834 2333 1056 2397 Popilius
1079 2335 1182 2396 qui,
1203 2336 1338 2381 etant
1356 2334 1593 2382 consulet
1615 2348 1674 2382 en
1699 2334 1854 2380 meme
1875 2337 2029 2395 temps
2044 2335 2203 2397 preti-e
2232 2331 2293 2381 de

429 2413 704 2473 Carmenta,
722 2419 873 2472 recnt,
887 2428 953 2462 au
963 2419 1179 2460 moment
1187 2415 1247 2460 ou
1265 2412 1303 2459 il
1314 2412 1475 2459 faisait
1497 2427 1564 2458 un
1586 2410 1800 2459 sacrifice
1809 2410 1990 2475 public.
2005 2412 2055 2459 18
2064 2412 2291 2460 nouvelle

430 2491 547 2539 d'un
564 2492 892 2540 soulevement
910 2493 976 2541 du
999 2492 1172 2554 peuple
1194 2500 1360 2539 contre
1377 2491 1423 2538 le
1444 2492 1676 2550 senat,et,
1690 2493 1991 2553 toutaooup,
2018 2507 2133 2539 sans
2153 2494 2291 2553 quit-

428 2578 505 2618 tor
524 2572 579 2618 la
595 2571 711 2619 robe
737 2571 1055 2628 sacerdotale,
1077 2585 1128 2617 ee
1151 2573 1375 2633 precenta
1394 2570 1569 2616 devant
1595 2572 1644 2618 18
1664 2569 1946 2627 multitude,
1975 2577 2023 2617 et
2046 2572 2210 2618 calma
2241 2573 2292 2619 18

428 2649 635 2697 sedition
655 2664 742 2713 par
758 2650 1059 2697 l'ascendant
1083 2649 1142 2696 de
1162 2664 1237 2695 ees
1264 2648 1453 2710 parolea
1481 2655 1526 2695 et
1548 2649 1606 2696 de
1633 2666 1720 2698 son
1742 2651 1999 2696 caractere.
2036 2649 2291 2699 Toutefois

425 2726 478 2789 je
510 2743 572 2776 ne
597 2732 723 2777 crois
743 2745 829 2792 pas
854 2733 989 2777 avoir
1006 2731 1060 2776 lu
1090 2728 1228 2776 nulle
1251 2734 1359 2789 part
1378 2743 1469 2789 que
1491 2742 1568 2774 ces
1587 2730 1783 2777 enciens
1809 2742 2137 2792 personnages
2161 2731 2292 2777 aient

427 2810 566 2869 passe
591 2824 713 2870 pour
749 2809 831 2856 des
863 2818 1097 2868 orateurs,
1131 2806 1184 2854 ni
1213 2806 1357 2869 qu’en
1387 2807 1583 2869 general
1621 2809 1914 2869 l’eloquence
1946 2808 2025 2856 sut
2049 2808 2181 2856 alors
2202 2823 2290 2856 en-

429 2892 668 2950 couragee
681 2900 768 2950 pat
789 2902 979 2935 aucune
998 2887 1277 2935 distinction
1301 2900 1317 2949 3
1345 2887 1400 2947 je
1418 2900 1478 2933 ne
1491 2885 1588 2934 fuis
1607 2901 1699 2949 que
1717 2887 1761 2934 le
1780 2888 2101 2949 conjecturer.
2127 2889 2289 2949 Ajou-

429 2973 540 3012 tons
567 2966 622 3014 C.
651 2966 925 3014 Flaminius
956 2965 1059 3026 qui,
1102 2963 1318 3026 pendant
1339 2978 1426 3010 son
1451 2965 1687 3022 tribunat,
1723 2965 1781 3013 fit
1810 2965 2053 3013 ordonner
2080 2981 2170 3027 par
2195 2980 2292 3014 nne

428 3043 498 3090 loi
521 3043 567 3090 le
592 3050 791 3106 partage
814 3043 894 3090 des
921 3051 1067 3090 ten-ee
1082 3044 1340 3104 conquinae
1355 3042 1479 3089 dane
1494 3044 1544 3091 la
1566 3043 1723 3093 Gaule
1744 3053 1792 3092 et
1814 3044 1936 3091 dane
1959 3045 2006 3092 le
2027 3044 2288 3107 Picenum,

429 3128 478 3169 et
499 3122 601 3184 qui,
627 3124 760 3170 e'tant
784 3123 968 3184 consul,
1004 3122 1080 3169 fut
1102 3124 1184 3170 tue
1211 3120 1314 3170 818
1335 3123 1535 3170 bataille
1566 3124 1624 3172 de
1669 3125 1978 3189 Trasimene3
2019 3126 2057 3173 il
2092 3138 2286 3187 nerea,

429 3199 618 3258 dit-on,
645 3217 732 3263 par
762 3202 814 3248 la
846 3202 1030 3265 parole,
1060 3200 1313 3265 beaucoup
1333 3200 1622 3251 d’influence
1644 3220 1728 3251 sur
1755 3205 1801 3252 18
1837 3205 2028 3266 peuple.
2070 3203 2218 3253 Enfin
2244 3206 2291 3253 18

427 3279 586 3344 grand
605 3280 785 3328 Fabius
819 3288 902 3329 eut
927 3281 986 3327 de
1007 3296 1095 3329 eon
1114 3287 1271 3341 temps
1290 3282 1341 3328 la
1363 3280 1638 3343 reputation
1665 3280 1924 3331 d'orateur.
1954 3283 1998 3332 Il
2028 3298 2089 3331 en
2120 3292 2197 3332 eet
2231 3283 2291 3331 de

428 3362 584 3407 meme
603 3359 662 3406 de
681 3358 740 3420 Q.
770 3359 999 3406 Metellus
1021 3360 1122 3421 qui,
1163 3359 1378 3421 pendant
1407 3362 1458 3409 la
1494 3360 1697 3409 seconde
1728 3375 1901 3423 guerre
1930 3362 2173 3423 Punique,
2214 3364 2291 3410 fut

429 3441 603 3486 consul
626 3454 741 3488 avec
762 3440 820 3488 L.
858 3438 1092 3488 Veturius
1117 3437 1317 3486 Philon.

495 3519 607 3567 XV.
648 3521 773 3568 Mais
794 3520 842 3568 le
865 3519 1070 3583 premier
1090 3518 1297 3567 Romaiu
1327 3522 1424 3582 qui,
1470 3519 1658 3581 d’apres
1704 3517 1787 3565 des
1819 3521 2158 3584 temoignages
2200 3534 2294 3567 au-
