2592 4084
304 374 486 423 multas
512 387 685 422 causas
708 388 721 420 ε

305 443 348 490 is
367 449 529 488 tamen

304 506 530 554 veniebat
558 505 618 552 ad
643 503 900 552 dicendum

303 573 466 636 magis
494 573 741 628 audacter,

306 654 450 700 quam
473 645 657 696 parate.

303 704 367 753 Et
387 705 446 753 C.
467 704 710 760 Staienus,

304 771 391 831 qui
427 786 477 818 se
506 770 816 830 adoptaverat
834 766 954 830 ipse,

304 846 352 884 ct
373 836 556 884 fecerat
577 835 763 883 AElium

305 902 366 950 de
390 903 605 957 Stultum,

305 968 515 1029 quodam
542 981 717 1029 genere
743 964 934 1014 dicendi

305 1034 511 1087 fervido,
540 1041 587 1080 et
620 1032 874 1096 petulanti,

306 1106 354 1146 et
374 1099 560 1147 furioso
587 1116 600 1147 ε

305 1168 423 1227 quia
454 1163 581 1226 quod
606 1170 710 1212 erat
739 1173 952 1227 gratum,

305 1237 356 1278 et
382 1231 677 1293 probabatur
698 1231 884 1288 multis,

306 1296 629 1344 adscendisset
651 1296 713 1344 ad
735 1296 958 1352 honores,

307 1362 350 1409 si
376 1361 698 1424 deprehensus

307 1427 363 1475 in
380 1429 557 1476 scelere
572 1427 847 1486 manifesto,

307 1508 406 1541 non
438 1493 643 1541 dedisset
666 1508 834 1556 poenas

307 1559 497 1622 legibus
508 1571 555 1606 et
570 1560 589 1620 j
600 1559 776 1607 udicio.
826 1558 1044 1623 [fuerunt

374 1624 550 1675 LXIX.
601 1625 779 1673 Eodem
831 1636 1042 1685 tempore

307 1689 478 1738 fratres
505 1691 558 1739 C.
583 1699 631 1738 et
656 1691 712 1739 L.
741 1690 942 1753 Caepasii

303 1759 412 1817 qui,
448 1758 605 1804 multa
626 1771 785 1818 opera.

306 1821 529 1870 homines
546 1824 704 1885 ignoti
722 1830 770 1869 et
784 1819 1036 1884 repentini,

306 1888 427 1936 facti
448 1897 562 1935 sunt
584 1895 843 1950 quaestores

306 1954 545 2007 celeriter.

307 2017 524 2082 quodam
558 2031 734 2081 genere
753 2016 945 2065 dicendi

312 2084 561 2145 oppidano
586 2093 631 2131 et
657 2084 925 2131 incondito.

307 2148 562 2198 Addamus
586 2149 730 2196 etiam
754 2148 850 2197 huc
865 2186 876 2208 ,

309 2229 373 2262 ne
397 2215 659 2262 videamur
687 2217 970 2278 praeteriisse

307 2282 523 2343 aliquem
544 2280 782 2344 vocalem,

310 2347 368 2396 C.
396 2347 690 2396 Cosconium
713 2346 1041 2405 Calidianum,

310 2413 393 2476 qui
419 2413 558 2460 nullo
592 2416 817 2461 acumine

312 2479 552 2542 praebebat
581 2490 742 2527 tamen
769 2479 947 2542 populo

310 2559 414 2593 eam
450 2546 640 2607 copiam
664 2545 944 2605 verborum,

311 2613 351 2658 si
372 2611 581 2659 habebat
601 2611 837 2676 aliquam,

311 2691 424 2725 cum
457 2676 826 2726 concursatione
858 2679 1014 2727 multa

311 2757 587 2805 magnoque
608 2744 840 2793 clamore.

311 2807 373 2870 Q.
399 2809 593 2868 Arrius,
618 2810 701 2870 qui
726 2809 821 2856 fuit
963 2807 1042 2874 [si.

312 2876 450 2937 quasi
472 2875 792 2922 secundarum
817 2872 886 2923 M.
913 2874 1048 2924 Cras-

312 2939 521 2988 faciebat
543 2938 671 3002 quod
698 2938 844 2988 idem.

311 3005 361 3055 Is
384 3006 525 3053 debet
552 3019 655 3052 esse

313 3072 534 3134 exemplo
569 3070 816 3131 omnibus,

313 3143 551 3201 quantum
562 3137 741 3199 polleat
755 3137 808 3185 in
827 3135 919 3185 hac
930 3137 1050 3186 urbe

313 3203 509 3251 obedire
537 3201 743 3265 tempori
761 3203 1045 3263 multorum,

314 3277 364 3317 et
387 3269 565 3316 servire

312 3334 392 3382 vei
413 3332 590 3382 honori

346 3400 392 3446 el
419 3400 633 3460 periculo
649 3399 940 3449 multorum.

1090 255 1334 301 BRUTUS
1343 285 1356 299 .
2034 247 2151 304 269

1095 372 1342 434 beaucoup
1372 372 1428 420 de
1449 387 1651 422 causes:

1088 438 1296 486 celui-ci
1324 440 1550 487 toutefois

1094 503 1257 551 venait
1278 519 1401 567 pour
1423 505 1580 566 parler

1095 582 1211 617 avec
1232 570 1345 632 plus
1371 569 1674 620 d’assurance

1095 649 1188 696 que
1210 635 1622 697 ‹ie-preparation.

1093 701 1159 749 Et
1183 701 1237 753 C.
1262 701 1505 761 Stalenus,

1097 768 1180 829 qui
1205 769 1366 815 s’etait
1389 767 1559 829 adopte
1586 768 1861 828 lui-meme,

1092 842 1143 880 et
1159 835 1292 881 avait
1312 834 1403 881 fait
1424 833 1586 882 AElius

1095 898 1155 947 de
1179 899 1421 956 Staienus,

1097 963 1250 1028 (ἐπειὴ)
1277 965 1393 1012 d’un
1420 981 1567 1029 genre
1585 964 1890 1026 d'eloquence

1096 1030 1362 1093 feugueux.
1400 1039 1449 1080 et
1466 1033 1696 1093 emporte,

1097 1102 1146 1144 et
1165 1097 1363 1145 furieux
1392 1118 1405 1151 ς

1094 1176 1282 1210 comme
1306 1163 1717 1225 cette-eloquence
1740 1163 1859 1210 &tait
1887 1165 2119 1228 agreable

1093 1234 1144 1276 et
1161 1229 1280 1277 etait
1299 1232 1567 1292 approuvee
1586 1229 1644 1276 de
1662 1230 1934 1292 beaucoup,

1093 1295 1131 1341 il
1155 1296 1303 1342 serait
1334 1311 1549 1358 parvenu
1574 1311 1673 1343 aux
1692 1295 1957 1354 honneurs‚

1093 1360 1136 1407 si
1159 1361 1347 1422 surpris

1094 1426 1216 1474 dans
1235 1442 1302 1473 un
1324 1427 1473 1474 crime
1496 1426 1767 1483 manifeste,

1094 1492 1131 1540 il
1160 1493 1345 1541 n'avait
1367 1507 1451 1554 pas
1478 1494 1583 1540 subi
1608 1509 1659 1539 sa
1679 1493 1815 1554 peine

1093 1572 1182 1620 par
1209 1558 1279 1605 les
1303 1558 1395 1605 lois
1412 1565 1462 1606 et
1481 1574 1548 1605 un
1575 1559 1843 1621 jugement.

1160 1623 1341 1672 LXIX.
1380 1625 1423 1671 A
1453 1626 1503 1672 la
1531 1628 1684 1671 meme
1706 1625 1886 1686 epoque
1921 1626 2154 1674 vecurent

1095 1688 1167 1736 les
1189 1690 1340 1737 freres
1364 1690 1418 1739 C.
1448 1697 1496 1738 et
1522 1689 1579 1738 L.
1602 1688 1832 1752 cepasius
2189 1706 2193 1712 ·

1094 1756 1192 1818 qui,
1233 1757 1263 1803 a
1283 1755 1414 1804 force
1435 1754 1495 1804 de
1513 1757 1666 1818 peine,

1095 1821 1314 1868 hommes
1334 1822 1576 1869 inconnus
1610 1829 1658 1870 et
1688 1837 1943 1886 parvenuS,

1096 1886 1351 1934 devinrent
1371 1895 1620 1948 questeurs

1093 1952 1411 2014 rapidement‚

1097 2019 1505 2079 grace-avertam
1527 2034 1675 2082 genre
1700 2019 1759 2068 de
1783 2020 1911 2083 style

1098 2087 1314 2144 rustique
1337 2091 1384 2132 et
1414 2087 1643 2148 grossier.

1098 2149 1340 2211 Ajoutons
1363 2153 1518 2198 meme
1540 2152 1622 2210 ici,

1101 2214 1391 2277 de-peur-de
1415 2220 1623 2278 paraitre
1642 2218 1778 2266 avoir
1800 2218 1925 2266 omis

1097 2281 1362 2343 quelqu’un
1384 2282 1883 2345 ‹ioue-de-la-parole,

1099 2347 1158 2395 C.
1185 2346 1453 2396 Cosconius
1481 2348 1783 2407 calidianus,

1100 2412 1182 2474 qui
1204 2428 1319 2460 sans
1339 2429 1529 2462 aucune
1550 2415 1786 2462 intention

1099 2478 1267 2525 etalait
1286 2480 1553 2542 cependant
1584 2479 1758 2526 devant
1782 2480 1828 2526 lc
1849 2478 2020 2541 peuple

1100 2552 1220 2591 cette
1244 2545 1525 2592 abondauce
1547 2546 1917 2608 d’expressions‚

1100 2611 1177 2659 s’il
1197 2625 1264 2657 en
1287 2612 1419 2660 avait
1434 2612 1755 2674 quelqu’uue,

1099 2690 1215 2723 avec
1237 2692 1303 2723 un
1327 2690 1563 2726 cencours
1584 2677 1914 2726 considerable

1100 2753 1148 2788 et
1166 2742 1225 2789 de
1246 2743 1431 2805 grands
1455 2744 1567 2791 cris.

1102 2806 1164 2866 Q.
1189 2809 1385 2865 Arrius,
1412 2810 1498 2872 qui
1525 2809 1600 2856 fut

1101 2887 1288 2921 comme
1311 2874 1357 2921 le
1381 2874 1554 2923 second
1578 2875 1634 2922 de
1656 2874 1727 2923 M.
1753 2876 1973 2935 Crassus,

1101 2939 1263 2987 fuissit
1283 2940 1335 2987 la
1352 2943 1506 2988 meme
1529 2941 1688 2990 chose.

1092 3004 1308 3054 'Calui-oi
1332 3006 1435 3054 doit
1450 3009 1549 3055 &tre

1102 3072 1134 3117 a
1151 3072 1371 3134 exemplo
1393 3075 1425 3120 a
1446 3080 1575 3132 tous,

1102 3137 1324 3185 combien
1348 3138 1481 3186 il-est
1498 3138 1618 3186 utile
1652 3132 1774 3184 dans
1798 3143 1921 3185 cette
1939 3136 2054 3184 ville

1103 3201 1287 3250 d'obeir
1306 3218 1404 3253 aux
1428 3217 1755 3251 convenances
1774 3202 1831 3250 de
1852 3204 2120 3264 beaucoup,

1105 3274 1153 3314 et
1173 3268 1232 3315 dc
1256 3283 1307 3316 se
1328 3276 1500 3316 mettre
1527 3283 1591 3317 au
1613 3269 1794 3318 service

1104 3347 1172 3380 ou
1197 3334 1254 3381 de
1276 3334 1535 3383 l'honneur

1107 3413 1171 3448 ou
1193 3399 1259 3448 du
1282 3399 1468 3465 danger
1495 3400 1552 3450 de
1574 3402 1841 3465 beaucoup.
