2592 4084
417 287 527 355 264
880 272 889 279 ’
1184 294 1450 340 BRU‘rus.

401 408 586 465 audivi
624 407 769 462 enim
807 423 987 477 nuper
1028 423 1155 461 eum
1182 408 1426 462 studiose
1460 412 1515 462 et
1535 408 1856 480 frequenter
1878 411 2050 476 Sami,
2077 426 2247 483 quum

401 520 467 560 ex
496 518 561 558 eo
586 502 678 574 jus
702 508 953 559 nostrum
980 502 1345 574 pontificium,
1375 519 1485 576 qua
1515 520 1580 560 ex
1605 512 1762 577 parte
1792 522 1920 561 cum
1945 506 2073 579 jure
2097 508 2248 564 civili

399 602 753 674 conjunctum
790 608 955 673 esset,
996 601 1202 658 vellem
1235 618 1604 672 cognoscer03
1634 610 1689 660 et
1709 621 1856 659 nunc
1882 621 2069 661 meum
2094 605 2245 678 judi-

399 700 544 754 cium
568 701 742 756 multo
769 700 948 772 magis
976 700 1238 755 confirmo
1269 701 1587 757 testimonio
1620 707 1675 758 et
1692 702 1903 775 judicio
1926 710 2043 759 tuo.
2070 704 2244 759 Simul

398 795 540 853 illud
565 799 803 868 gaudeo,
848 798 999 870 quod
1041 804 1098 853 et
1125 797 1412 869 aequalitas
1436 804 1646 869 vestra,
1690 804 1747 854 et
1772 816 1937 870 pares
1972 800 2245 855 honorum

395 894 624 965 gradUS,
664 900 722 949 et
765 896 967 950 artium
1018 896 1435 968 studiorumque
1483 896 1642 968 quasi
1690 896 1918 952 finitima
1968 897 2240 968 vicinitaS,

394 994 614 1045 tantum
642 990 798 1045 abest
824 990 892 1046 ab
918 990 1314 1046 obtrectatione
1333 990 1671 1064 invidiaque,
1695 1008 1819 1062 quae
1838 992 1979 1048 solet
2000 992 2244 1047 lacerare

394 1087 711 1161 plerosque,
755 1089 835 1144 uti
878 1105 943 1144 ea
972 1105 1082 1143 non
1109 1088 1274 1143 modo
1303 1105 1415 1145 non
1459 1089 1781 1145 exulcerare
1824 1096 2068 1145 vestram
2113 1105 2242 1159 gra·

393 1186 578 1259 tiam,·
604 1187 702 1242 sed
753 1188 921 1243 etiam
954 1187 1258 1243 conciliare
1303 1187 1578 1243 videatur.
1632 1187 1791 1254 Quali
1844 1188 1991 1243 enim
2015 1195 2068 1244 te
2106 1203 2243 1259 erga

394 1285 553 1340 illum
586 1287 881 1358 perspicio,
918 1287 1018 1342 tali
1052 1286 1211 1341 illum
1257 1286 1313 1340 in
1353 1291 1408 1341 te
1443 1285 1727 1344 voluntate
1753 1286 2076 1359 J‘udicioque
2105 1302 2240 1357 cog-

394 1382 543 1437 novi.
594 1385 784 1453 Itaque
826 1381 988 1437 doleo
1034 1387 1089 1437 et
1123 1381 1275 1437 illius
1316 1381 1567 1452 consilio,
1603 1386 1658 1437 et
1694 1386 1791 1439 tua
1814 1399 1947 1439 voce
1969 1382 2240 1454 ¹populum

394 1494 686 1534 romanum
706 1494 897 1533 carere
924 1482 1037 1533 tam
1060 1478 1154 1533 diu
1185 1496 1199 1535 :
1234 1479 1382 1551 quod
1404 1494 1573 1550 quum
1593 1495 1694 1550 per
1716 1496 1775 1535 se
1805 1480 2107 1535 dolendum
2132 1487 2236 1552 est,

391 1582 511 1627 tum
550 1572 726 1627 multo
767 1571 945 1642 magis
983 1571 1359 1627 consideranti
1403 1571 1472 1627 ad
1507 1586 1647 1644 quos
1674 1571 1803 1642 ista,
1835 1589 1944 1628 non
1973 1573 2239 1630 translata

392 1668 521 1739 sint,
551 1670 650 1724 sed
676 1669 862 1724 nescio
893 1685 1002 1741 quo
1030 1674 1189 1739 pacto
1222 1668 1563 1724 devenerint.
1585 1700 1655 1709 —
1686 1670 1789 1724 Hic
1814 1670 2044 1741 Atticus,
2075 1671 2237 1725 Dixe-

393 1783 529 1837 ram,
562 1766 763 1840 inquit,
807 1784 840 1822 a
865 1765 1156 1840 principio,
1203 1766 1270 1821 de
1300 1765 1586 1837 republica
1610 1770 1670 1820 ut
1694 1764 2019 1822 sileremus·
2050 1768 2235 1838 itaque

390 1993 659 2041 nierement
676 1992 706 2037 ὲ
726 1989 914 2049 ὃωοε,
938 1989 988 2050 je
1009 1988 1095 2035 l’ai
1125 1988 1340 2036 entendu
1361 1994 1579 2047 convent,
1608 1995 1656 2036 et
1690 2002 1806 2036 avec
1826 1989 1873 2035 le
1899 1990 2011 2052 plus
2030 1990 2235 2040 curieux

388 2090 583 2145 inter-et,
612 2086 894 2148 developper
928 2085 1000 2131 les
1027 2085 1266 2146 principes
1297 2084 1355 2131 de
1387 2091 1525 2133 notre
1556 2083 1685 2132 droit
1715 2085 1966 2147 pontifical
2004 2087 2123 2135 dans
2160 2104 2235 2137 ses

388 2191 611 2247 rapports
632 2197 747 2230 avec
769 2182 813 2229 le
837 2182 968 2230 droit
989 2182 1122 2229 civil.
1152 2182 1472 2239 Maintenant‚
1501 2180 1756 2229 confirmee
1780 2197 1870 2244 par
1897 2191 2032 2231 votre
2054 2185 2235 2234 temoi-

389 2297 551 2345 gnage
571 2287 618 2330 et
638 2290 773 2329 votre
789 2280 1060 2344 jugement,
1088 2295 1201 2327 mon
1232 2281 1431 2344 opinion
1455 2280 1569 2328 n’en
1590 2289 1663 2327 est
1684 2295 1778 2342 que
1799 2281 1960 2327 mieux
1984 2280 2224 2331 affermie.

389 2381 453 2429 Et
477 2396 536 2428 en
564 2384 719 2428 meme
743 2388 896 2442 temps
917 2378 970 2441 je
1001 2392 1254 2440 remarque
1278 2393 1395 2425 avec
1415 2377 1519 2441 joie
1547 2392 1655 2439 que,
1676 2377 1730 2423 ni
1750 2377 1959 2439 l’egalite
1985 2392 2078 2438 que
2100 2384 2233 2426 met-

387 2485 493 2525 tent
513 2485 646 2525 entre
673 2492 794 2524 vous
822 2482 871 2523 et
892 2476 1022 2540 l’fige
1046 2483 1092 2522 et
1114 2476 1183 2522 les
1212 2476 1476 2532 honneurs,
1507 2476 1559 2522 ni
1588 2474 1639 2522 la.
1668 2475 1857 2521 culture
1885 2473 1940 2521 de
1968 2472 2096 2522 deux
2128 2483 2233 2524 arts

389 2575 508 2623 dont
535 2575 604 2622 les
639 2574 886 2623 domninae
920 2586 973 2621 se
1009 2574 1241 2620 touchent
1273 2572 1333 2620 de
1364 2572 1406 2619 si
1439 2574 1575 2635 pres,
1614 2587 1678 2620 ne
1709 2570 1923 2619 donnent
1958 2572 2059 2619 lieu
2091 2575 2122 2619 a
2154 2588 2232 2621 ces

381 2671 617 2733 jalousies
645 2671 729 2731 qui
755 2676 946 2717 arment
971 2668 1078 2716 l’un
1103 2676 1269 2716 contre
1291 2668 1467 2716 l'autre
1488 2674 1597 2716 tant
1614 2669 1674 2715 de
1692 2670 1887 2724 rivaux‚
1916 2674 1964 2715 et
1986 2681 2099 2732 que,
2128 2670 2230 2717 loin

389 2766 612 2813 d’alterer
630 2771 766 2813 votre
784 2764 1018 2812 mutuelle
1036 2762 1405 2822 biomesslance,
1429 2764 1548 2811 elles
1565 2764 1804 2812 semblent
1820 2780 1886 2811 au
1903 2766 2147 2812 contraire
2170 2781 2232 2814 en

386 2876 617 2910 resserrer
651 2860 724 2907 les
762 2859 952 2907 noeuds.
986 2858 1078 2907 Car
1115 2859 1322 2916 l’estime
1347 2867 1396 2906 et
1430 2859 1692 2908 l’afl’ection
1732 2859 1851 2907 dont
1881 2860 1933 2922 je
1966 2875 2087 2908 vous
2125 2860 2231 2910 vois

386 2959 548 3006 anime
565 2971 689 3019 pour
710 2956 802 3015 lui,
828 2955 953 3003 illes
976 2961 1160 3003 ressent
1186 2971 1310 3018 pour
1333 2970 1481 3014 vous3
1508 2956 1614 3020 j’en
1633 2956 1715 3007 fue
1730 2956 1842 3019 pluo
1865 2956 2009 3004 d’une
2032 2956 2125 3004 fois
2160 2958 2229 3005 te·

386 3054 521 3102 moin
551 3071 564 3100 ε
591 3053 723 3100 aussi
744 3052 796 3115 je
830 3050 1066 3114 m'asflige
1089 3066 1180 3113 que
1202 3053 1248 3100 le
1275 3054 1446 3115 peuple
1479 3053 1671 3101 romain
1705 3054 1800 3101 soit
1821 3054 1956 3116 privo
1993 3053 2159 3116 depuis
2186 3054 2230 3102 si

384 3150 660 3213 longtemps
677 3156 726 3197 et
748 3148 805 3197 de
824 3163 899 3196 ses
917 3149 1148 3197 lumieres
1168 3156 1217 3197 et
1233 3150 1289 3197 de
1309 3157 1444 3202 votre
1462 3151 1723 3214 eloquence
1741 3171 1755 3215 3
1776 3158 1823 3199 et
1847 3166 1929 3199 ma
1951 3150 2084 3212 juste
2110 3151 2232 3199 don·

384 3248 490 3295 leur
513 3248 734 3295 s'accrolt
753 3261 925 3296 encore
943 3262 1002 3295 en
1031 3255 1268 3312 songeant
1288 3263 1345 3296 en
1370 3249 1553 3311 quelles
1576 3249 1753 3306 mains,
1775 3250 1829 3312 je
1853 3264 1915 3296 ne
1940 3249 2015 3296 dis
2039 3264 2123 3312 pas
2143 3254 2230 3297 ont

384 3352 458 3399 ete
480 3351 693 3408 remit-ses,
731 3351 854 3399 mais
889 3359 999 3400 sont
1032 3354 1264 3413 tombees,
1295 3366 1384 3415 par
1409 3365 1504 3401 une
1534 3350 1870 3399 malheureuse
1902 3351 2104 3412 fatalite,
2143 3366 2229 3398 vos

384 3447 550 3495 nobles
575 3448 910 3498 fonctions.—
929 3450 1117 3500 J'avais
1137 3451 1207 3498 dit
1227 3464 1285 3498 en
1308 3445 1661 3511 commencant,
1677 3449 1986 3511 interrompit
2007 3449 2224 3508 Atticus,
