2592 4084
428 316 540 374 {44
1217 329 1480 374 saurus,

419 445 684 501 diocrlum
716 447 1000 499 oratorum
1028 459 1280 515 numero,
1315 442 1535 502 dicendi
1571 460 1682 499 non
1723 444 1801 501 ita
1837 444 2075 502 multum
2109 447 2277 505 laude

415 543 782 609 processerat,
817 537 914 592 sed
940 537 1008 592 de
1049 537 1343 608 industria,
1373 554 1543 609 quum
1582 538 1791 602 verbis,
1814 543 1936 594 tum
1959 539 2129 595 etiam
2155 541 2277 614 ipso

417 643 555 684 sono
579 628 738 700 quasi
762 627 1070 682 subrustico
1094 627 1536 699 prosequebatur
1574 634 1739 701 atque
1769 628 2095 685 imitabatur
2130 634 2273 688 anti—

417 721 702 794 quitatem.

484 818 661 887 Atque
689 830 793 886 ego
822 815 959 869 etin
987 814 1091 871 hoc
1119 813 1238 885 ipso
1263 815 1443 885 Cotta,
1477 820 1532 869 et
1558 813 1617 867 in
1652 813 1777 869 aliis
1800 814 2074 887 pluribuS,
2110 816 2273 873 intel-

416 906 553 979 ligo,
587 924 675 962 me
706 907 921 962 nonita
959 907 1196 963 disertos
1229 906 1482 961 homines
1510 912 1568 962 et
1605 907 1860 963 retulisse
1887 908 1947 963 in
1989 916 2273 965 oratorum

416 1015 734 1058 numerum,
762 1004 820 1054 et
844 998 1174 1055 relaturum.
1196 1002 1294 1054 Est
1320 1000 1469 1058 enim
1492 999 1838 1071 propositum
1862 1000 2126 1071 colligere
2152 1017 2269 1070 eos,

416 1091 510 1163 qui
537 1090 644 1147 hoc
667 1106 896 1147 munere
925 1092 982 1145 in
1010 1090 1231 1148 civitate
1258 1091 1431 1146 functi
1455 1090 1585 1160 sint,
1608 1098 1672 1146 ut
1695 1097 1953 1147 tenerent
1980 1098 2271 1148 oratorum

413 1187 601 1243 locum
634 1202 909 1258 :quorum
950 1186 1175 1260 quidem
1222 1203 1346 1258 quae
1390 1187 1561 1242 fuerit
1599 1186 1868 1257 ascensio,
1907 1192 1964 1242 et
2002 1203 2171 1257 quam
2212 1187 2271 1242 in

418 1280 673 1337 omnibus
700 1279 870 1336 rebus
894 1278 1133 1335 difficilis
1161 1279 1354 1351 optimi
1385 1280 1650 1351 perfectio
1689 1285 1855 1352 atque
1883 1279 2170 1350 absolut10‚
2203 1297 2270 1336 ex

418 1390 503 1444 eo,
543 1374 691 1446 quod
722 1373 923 1445 dicam,
966 1373 1276 1428 existimari
1304 1378 1510 1445 potest.
1552 1374 1728 1439 Quam
1767 1372 1930 1427 multi
1964 1372 2111 1428 enim
2147 1372 2268 1443 jam

417 1471 664 1520 oratores
690 1466 1109 1521 commemorati
1138 1469 1287 1535 sunt,
1318 1470 1375 1521 et
1405 1480 1574 1536 quam
1608 1464 1703 1519 diu
1730 1463 1789 1518 in
1813 1479 2005 1520 eorum
2034 1480 2265 1519 enume-

416 1556 627 1613 ratione
655 1572 968 1628 versamur,
993 1573 1165 1629 quum
1188 1564 1376 1612 tamen
1406 1557 1604 1628 spisse,
1628 1561 1794 1627 atque
1817 1554 1931 1626 vix,
1961 1560 2024 1610 ut
2054 1556 2268 1612 dudum

413 1649 483 1705 ad
508 1650 934 1706 Demosthenem
959 1656 1016 1706 et
1036 1650 1399 1721 Hyperidem,
1427 1649 1509 1705 sic
1526 1665 1672 1704 nunc
1693 1648 1763 1704 ad
1788 1649 2085 1704 Antonium
2107 1651 2267 1705 Cras-

413 1758 642 1814 sumque
681 1742 1073 1814 pervenimus?
1108 1743 1246 1797 Nam
1297 1758 1402 1813 ego
1440 1742 1521 1798 sio
1558 1741 1827 1811 existimo,
1873 1739 1976 1796 hos
2018 1747 2263 1797 oratores

411 1835 582 1891 fuisse
608 1836 895 1906 maximos,
929 1841 985 1890 et
1020 1835 1077 1889 in
1102 1835 1191 1889 his
1207 1834 1451 1905 primum
1479 1851 1605 1891 cum
1627 1837 1948 1891 Graecorum
1966 1835 2147 1907 gloria
2175 1836 2260 1892 la·

412 1928 524 1984 tine
552 1928 772 1985 dicendi
798 1928 1011 1998 copiam
1041 1933 1333 1999 aequatam.

411 2122 479 2153 nn
503 2112 696 2153 orateur
718 2104 971 2155 mediocre.
1005 2105 1093 2153 S'il
1117 2120 1178 2152 ne
1201 2104 1275 2153 fut
1307 2120 1393 2168 pas
1419 2104 1756 2168 remarquable
1781 2119 1869 2166 par
1899 2120 1988 2153 son
2012 2106 2181 2164 talant,
2219 2106 2258 2155 il

409 2199 456 2246 le
473 2197 549 2245 fut
566 2214 656 2262 par
673 2199 746 2247 les
768 2198 1072 2260 expressions
1093 2199 1356 2246 surannees
1376 2206 1425 2245 et
1444 2198 1650 2246 l'acoent
1682 2213 1750 2244 un
1776 2213 1868 2260 peu
1892 2199 2109 2261 rustique
2134 2200 2257 2262 qu’il

409 2291 622 2340 affectait
641 2307 766 2355 pour
782 2307 834 2340 se
853 2291 1037 2340 donner
1064 2307 1160 2339 une
1179 2291 1516 2354 physionomie
1537 2292 1756 2353 antique.

473 2382 537 2431 Je
559 2382 683 2441 dois,
703 2385 734 2430 a
755 2384 1017 2431 l’oceasion
1043 2383 1101 2431 de
1123 2382 1264 2431 Cotta
1285 2390 1336 2430 et
1357 2382 1416 2429 de
1429 2382 1673 2445 plusieurs
1692 2390 1873 2440 autres,
1903 2396 2023 2430 vous
2040 2382 2162 2434 faire
2180 2399 2255 2432 un

409 2491 557 2535 avem
584 2477 703 2526 c'est
732 2492 824 2539 que
854 2477 943 2539 j'ai
973 2476 1067 2524 mis
1107 2483 1156 2524 et
1182 2490 1275 2538 que
1312 2476 1364 2538 je
1399 2476 1593 2523 metti-ai
1630 2490 1803 2523 encore
1838 2492 1905 2525 au
1930 2476 2131 2524 nombre
2170 2476 2255 2526 des

409 2577 628 2618 orateur-s
655 2570 738 2619 des
760 2571 980 2618 hommes
1008 2571 1093 2632 qui
1117 2569 1312 2616 avaient
1329 2581 1461 2616 assez
1483 2581 1577 2629 pou
1601 2566 1927 2629 d’eloquenoe.
1950 2567 2076 2615 Mais
2101 2568 2154 2631 je
2175 2583 2252 2616 me

408 2661 511 2708 suis
533 2664 736 2725 propos&
760 2662 820 2710 de
840 2663 1009 2710 reunir
1029 2670 1139 2709 tous
1159 2676 1282 2709 ceux
1302 2660 1387 2721 qui
1414 2665 1501 2706 ont
1530 2661 1701 2707 exerce
1722 2658 1845 2706 dans
1867 2659 2021 2707 Rome
2039 2659 2086 2707 le
2106 2660 2251 2708 noble

407 2752 653 2802 ministere
687 2753 745 2802 de
779 2755 830 2801 la
866 2754 1048 2817 parole.
1087 2754 1196 2802 Une
1232 2751 1404 2813 simple
1426 2751 1657 2799 reflexion
1687 2752 1793 2799 fera
1828 2754 1980 2800 sentir
2004 2767 2091 2815 par
2115 2752 2249 2814 quels

407 2842 578 2907 degres
607 2859 638 2891 a
662 2846 798 2908 passe
820 2860 874 2893 oe
898 2844 1060 2909 grand
1080 2852 1174 2903 art,
1196 2852 1245 2892 et
1272 2843 1492 2891 combien
1514 2857 1574 2890 en
1592 2850 1700 2892 tout
1722 2859 1869 2906 genre
1892 2845 1930 2891 il
1955 2855 2030 2892 est
2054 2846 2249 2893 difficile

406 2931 693 2981 d'atteindre
715 2935 746 2979 a
768 2934 818 2980 la
839 2933 1124 2995 pei-fection.
1152 2932 1258 2992 Que
1291 2931 1560 2980 d’oratenrs
1592 2932 1680 2995 j'ai
1715 2932 1831 2995 deja
1863 2933 2016 2981 cites!
2057 2949 2148 2996 que
2189 2933 2248 2981 de

403 3030 558 3087 temps
582 3026 720 3088 passe
741 3028 772 3073 a
793 3032 916 3073 cette
937 3025 1103 3088 rapide
1125 3025 1458 3073 enumeration
1475 3025 1488 3072 l
1505 3000 1567 3071 ‘et
1598 3024 1883 3086 aspendum,
1904 3025 2023 3074 c’est
2043 3041 2102 3073 en
2123 3041 2247 3074 nous

402 3122 610 3166 sauvant
631 3119 663 3164 a
686 3123 872 3166 travers
894 3118 945 3165 la
972 3117 1105 3166 fonle
1125 3133 1218 3180 que
1241 3133 1366 3166 nous
1390 3132 1596 3165 sommes
1616 3117 1800 3165 arrives
1834 3116 1950 3166 chet
1983 3119 2055 3166 les
2094 3118 2246 3167 Grecs

407 3206 777 3256 &Demosthene
803 3216 852 3256 et
873 3186 1137 3272 ⁵Hyperide,
1175 3218 1223 3258 et
1260 3209 1378 3257 chez
1413 3224 1539 3256 nous
1581 3211 1612 3260 a
1662 3208 1863 3258 Crassus
1896 3217 1946 3257 et
1978 3208 2192 3258 Antoine
2229 3233 2245 3276 ς

402 3314 486 3347 car
507 3313 562 3346 ee
597 3306 727 3363 sont,
754 3301 783 3347 a
804 3316 919 3349 mon
954 3301 1076 3359 avis,
1109 3317 1197 3349 nos
1225 3301 1354 3349 deux
1378 3300 1488 3364 plns
1504 3300 1688 3364 grands
1715 3308 1953 3361 ormena,
1978 3312 2028 3349 et
2047 3302 2118 3349 les
2142 3314 2246 3364 pre—

400 3389 546 3441 miers
567 3392 803 3441 Romains
821 3394 903 3456 qni
926 3394 1058 3442 aient
1078 3395 1208 3442 elevo
1240 3394 1536 3457 l'eloquence
1553 3395 1585 3440 a
1600 3400 1724 3442 cette
1744 3393 1957 3442 hauteur
1976 3395 2043 3442 on
2075 3394 2247 3443 l'avait

398 3484 560 3543 portes
580 3485 626 3533 le
644 3486 785 3550 genie
809 3486 866 3535 de
895 3488 945 3534 la
967 3487 1134 3536 Grece.
