2592 4084
240 536 348 591 pest
366 527 651 578 aedilitatem
670 526 889 575 curulem
903 558 916 583 ‚

241 604 463 644 mortuus
481 602 556 642 est
576 611 589 640 ε

238 661 293 709 in
312 677 410 725 quo
454 660 455 663 ’

239 727 395 776 fateor
421 724 827 789 judicium-vulgi

239 794 524 842 dissensisse

240 876 269 907 a
292 876 402 909 meo
424 860 641 922 judicio;

238 942 355 974 nam
374 942 474 974 non
493 934 598 974 erat

239 993 361 1041 satis
390 992 654 1041 vendibilis
667 991 848 1056 populo
872 1005 886 1036 ι

238 1059 467 1121 quaedam
486 1060 643 1108 oratio
664 1070 904 1123 praeceps,

171 1173 180 1181 „
236 1133 288 1173 et
309 1140 463 1187 quum
484 1126 692 1174 obscura

234 1189 427 1241 idcirco
452 1192 571 1254 quia
597 1197 848 1257 peracuta,

238 1265 348 1307 tum
370 1259 558 1322 rapida,

237 1331 289 1373 et
312 1334 493 1373 coecata
514 1324 783 1378 celeritate3

236 1389 325 1438 sed
351 1406 507 1454 neque
530 1391 739 1442 dixerim
763 1387 859 1436 cito

238 1457 393 1505 alium
423 1458 661 1521 aptiorem
683 1454 843 1505 verbis

237 1534 394 1585 neque
421 1525 714 1575 crebriorem

238 1591 507 1639 sententiis.

237 1654 480 1705 Praeterea

238 1722 479 1783 perfectus
500 1724 552 1771 in
569 1721 747 1770 litteris
761 1752 793 1777 ,-

239 1789 491 1852 tenuitque
514 1787 825 1851 disciplinam

235 1853 366 1917 juris
388 1855 549 1904 civilis
562 1889 576 1913 ‚

235 1920 343 1982 jam
361 1921 593 1969 traditam

237 2000 270 2035 a
293 1996 432 2049 patre
455 1986 719 2034 Aculeone.

306 2052 502 2114 Reliqui
537 2056 653 2099 sunt
668 2086 683 2110 ,

238 2119 327 2180 qni
355 2119 537 2166 mortui
567 2119 689 2175 sint,

238 2183 301 2233 L.
324 2184 622 2247 Torquatus,

237 2265 385 2313 quem
411 2258 466 2298 tu
489 2265 591 2298 non
610 2248 817 2297 dixisses

237 2324 340 2366 tam
363 2315 463 2365 cito
483 2317 727 2366 rhetorem

239 2382 350 2446 (etsi
369 2385 527 2432 oratio
547 2397 649 2432 non
667 2382 873 2446 deerat),

240 2464 387 2512 quam
418 2449 690 2510 πολιτικόν,

239 2522 297 2563 ut
318 2515 478 2566 Graeci
502 2515 690 2567 dicunt.

240 2581 477 2631 Plurimae
501 2582 680 2632 litterae

240 2656 382 2696 erant
408 2649 460 2697 in
484 2664 540 2697 eo
556 2684 569 2706 ,

240 2728 331 2762 nec
361 2729 430 2762 ess
458 2717 684 2778 vulgares
698 2747 712 2771 ,

241 2781 326 2829 sed
351 2781 576 2843 quaedam
603 2780 856 2830 interiores

242 2854 290 2895 et
313 2847 600 2900 reconditas

241 2914 479 2962 memoria
496 2914 690 2972 divinag

242 2987 290 3027 et
313 2981 530 3042 gravitas
548 2987 595 3027 et
616 2977 858 3041 elegantia

243 3060 436 3093 summa
458 3046 714 3094 verborum
729 3078 743 3102 ,

243 3119 390 3174 atque
415 3113 631 3174 dignitas
655 3110 771 3158 vitae

243 3186 293 3226 et
309 3181 567 3240 integritas

246 3244 508 3293 decorabat
527 3244 694 3293 omnia
712 3243 839 3292 haec.

245 3309 417 3360 Oratio
439 3311 584 3358 etiam
607 3310 786 3359 Triarii

244 3376 392 3438 plena
417 3378 674 3426 senectutis
700 3377 954 3439 litteratae,

248 3443 302 3489 in
320 3442 410 3489 illa
429 3451 591 3502 mate,

248 3508 521 3556 delectabat
548 3524 626 3557 me

214 3576 223 3599 '
249 3575 514 3623 admodum
543 3575 736 3636 quidem
761 3593 775 3625 ι

1037 362 1301 456 saurus.
1990 401 2105 455 297

990 570 993 573 .
1044 528 1183 589 apres
1210 527 1410 575 l'edilite
1441 530 1635 585 curule,

1039 591 1080 640 il
1103 602 1301 640 mourut
1331 611 1343 640 ε

1046 659 1334 708 a-l'endroit
1355 659 1412 707 de
1442 659 1643 708 celui-ci

1041 725 1238 788 J’avoue
1265 727 1313 774 le
1340 727 1594 790 jugement
1618 726 1683 773 du
1715 728 1883 791 peuple

1046 791 1647 840 avoir-ete-en-desaccord

1049 857 1215 907 d’avec
1235 875 1352 907 mon
1380 860 1654 921 jugement3

1047 939 1131 974 ear
1164 927 1200 972 il
1235 926 1407 974 n'e'tait
1445 941 1530 987 pas

1046 1006 1178 1039 assez
1215 994 1363 1054 gofite
1391 992 1458 1038 du
1493 994 1664 1056 peuple
1693 1011 1703 1039 ε

1044 1060 1228 1107 certain
1264 1062 1390 1121 style
1432 1059 1713 1122 impetueux

1044 1131 1093 1172 et
1120 1126 1520 1174 nou-seulement
1542 1128 1736 1184 obscur,

1041 1204 1130 1252 par
1148 1192 1198 1239 la
1219 1192 1382 1238 raison
1403 1206 1495 1253 que
1518 1194 1574 1254 (il
1593 1189 1944 1254 etait)¹tres-fiu
1958 1224 1970 1242 .

1043 1257 1365 1305 mais-encore
1388 1259 1573 1320 rapide,

1043 1329 1091 1370 et
1117 1324 1468 1387 inintelligible
1490 1341 1577 1387 par
1599 1342 1653 1373 sa
1675 1323 1915 1389 rapidite3

1044 1391 1168 1437 mais
1201 1390 1251 1451 je
1277 1405 1339 1436 ne
1364 1389 1512 1437 dirais
1534 1407 1621 1454 pas
1646 1392 1742 1438 vite

1044 1470 1112 1503 un
1138 1464 1278 1504 autre
1306 1457 1571 1520 plus-juste
1595 1458 1717 1505 dans
1753 1457 1822 1504 les
1847 1465 1974 1503 mots

1046 1521 1098 1570 ni
1129 1522 1240 1585 plus
1271 1522 1520 1570 abondant

1045 1602 1171 1649 pour
1201 1588 1273 1635 les
1305 1589 1452 1636 idees.

1047 1655 1124 1703 En
1157 1664 1295 1702 outre
1332 1654 1389 1716 (il
1418 1655 1557 1718 etait)

1045 1722 1325 1768 consomme
1351 1722 1473 1769 dans
1496 1723 1546 1769 la
1567 1721 1854 1783 litterature,

1044 1794 1091 1834 et
1123 1787 1162 1834 il
1196 1787 1394 1849 posseda
1428 1789 1476 1835 la
1506 1789 1692 1836 science

1043 1852 1109 1902 du
1149 1852 1275 1900 droit
1310 1854 1442 1901 civil.

948 1924 954 1931 “
1045 1917 1154 1981 deja
1183 1921 1442 1968 transmise

1043 1999 1132 2048 par
1147 2001 1229 2032 son
1253 1989 1365 2048 pere
1386 1986 1623 2034 Aculeon.

1110 2051 1307 2100 Res-tent
1339 2067 1535 2105 encore.

1039 2123 1196 2177 parmi
1222 2120 1461 2181 ceux-qui
1494 2126 1608 2166 sont
1640 2126 1813 2178 mons,

1039 2183 1100 2233 L.
1138 2184 1411 2248 Torquatus
1429 2222 1441 2245 ,

1043 2265 1138 2313 que
1164 2259 1219 2298 tu
1246 2253 1462 2300 n’aurais
1492 2267 1576 2314 pas
1602 2251 1673 2299 dit

1044 2317 1177 2364 aussi
1197 2317 1295 2365 vite
1318 2324 1513 2366 orateur

1046 2381 1277 2445 (quoique
1294 2384 1346 2432 la
1365 2384 1531 2446 parole
1551 2398 1614 2431 ne
1631 2384 1703 2430 lui
1721 2382 1957 2444 manquat
1978 2380 2102 2444 pas),

1047 2463 1140 2511 que
1166 2436 1557 2498 homme-d’lfitat
1573 2486 1585 2506 ‚

1045 2530 1235 2565 comme
1261 2517 1330 2564 les
1355 2516 1505 2565 Grecs
1528 2516 1703 2563 disent.

1043 2581 1303 2645 Beaucoup
1327 2583 1386 2630 de
1408 2582 1782 2631 connaissanues

1042 2648 1226 2696 etaient
1253 2664 1312 2696 en
1340 2649 1432 2711 lui,

1043 2721 1093 2762 et
1113 2714 1336 2763 celles—ci
1362 2730 1463 2763 non
1487 2714 1763 2776 vulgaires‚

1042 2783 1168 2829 mais
1181 2782 1419 2829 certaines
1429 2779 1839 2843 (connaissances)
1849 2779 2108 2827 abstraites

1043 2854 1092 2896 et
1116 2846 1393 2909 profondes;

1044 2928 1140 2962 une
1166 2915 1397 2962 memoire
1425 2912 1750 2976 prodigieuse;

1044 2987 1091 3028 et
1114 2995 1209 3028 une
1237 2981 1367 3028 force
1399 2990 1447 3027 et
1468 2994 1564 3026 une
1589 2979 1821 3041 elegance

1047 3046 1361 3109 tres-grande
1396 3046 1768 3108 d'expressions,

1046 3121 1094 3161 et
1123 3112 1174 3160 la
1207 3112 1398 3175 dignite
1427 3112 1485 3159 de
1515 3126 1570 3158 sa
1600 3111 1677 3158 vie

1049 3185 1096 3226 et
1121 3178 1390 3241 l'integrite
1415 3176 1496 3240 (de
1528 3192 1603 3224 ses
1638 3176 1840 3238 moeurs)

1048 3244 1245 3292 relevait
1277 3251 1435 3297 tontes
1460 3245 1774 3302 ces-qualite's.

1047 3310 1362 3373 L'eloquence
1394 3309 1528 3358 aussi
1557 3309 1617 3357 de
1642 3309 1889 3366 Triarius,

1048 3377 1207 3439 pleine
1235 3377 1381 3424 d'une
1406 3375 1636 3423 maturite
1659 3382 1858 3424 savants

1046 3443 1143 3490 mal
1149 3444 1236 3503 gre
1260 3453 1335 3491 cet
1357 3446 1449 3505 age
1471 3444 1546 3504 (sa
1563 3441 1807 3503 jeunesse)
1822 3473 1835 3497 ‚

1046 3509 1287 3557 charmait
1321 3510 1421 3557 moi

1046 3575 1293 3638 beaucoup
1328 3576 1629 3623 assurement
1656 3588 1670 3620 ε
