2592 4084
292 512 388 546 non
412 498 558 546 modo
581 511 707 545 esses
733 501 1006 552 contentus,

292 565 373 611 sed
399 578 499 611 non
525 577 767 625 quereres
787 563 977 610 melius.

293 629 355 694 Q.
390 630 617 679 Metellus
633 629 940 681 Numidicus.

294 710 342 747 et
367 697 566 746 Silanus
587 696 774 758 collega
796 697 922 758 ejus,

295 764 526 813 dicebant
545 762 603 810 de
619 761 870 823 republica

296 829 432 893 quod
452 836 576 876 esset
595 829 712 875 satis
734 828 836 876 illis
853 828 976 876 viris

294 906 342 944 et
365 895 593 958 dignitati
612 893 877 942 consulari.

297 963 365 1010 M.
400 961 629 1008 Aurelius
649 960 858 1010 Scaurus

298 1043 399 1077 nea
421 1027 614 1075 dicebat
632 1041 776 1089 sape,

296 1094 382 1142 sed
404 1093 578 1156 polite3

298 1160 493 1208 locutus
505 1173 617 1205 vero
636 1167 705 1206 est
726 1157 877 1205 latine

299 1226 545 1287 eleganter
567 1225 620 1271 in
646 1226 837 1286 primis.

301 1291 422 1352 Quae
444 1291 609 1338 eadem
628 1291 738 1338 laus

301 1356 488 1406 dicendi
513 1357 632 1404 bene

305 1424 398 1472 fuit
420 1426 472 1470 in
494 1422 556 1471 A.
578 1422 776 1471 Albino.

302 1489 428 1539 Nam
452 1487 628 1535 flamen
659 1490 869 1537 Albinus
899 1488 1045 1537 etiam

301 1556 500 1603 habitus
519 1555 665 1602 estin
685 1570 890 1603 numero

307 1617 616 1669 disertorum.

306 1687 365 1749 Q.
407 1687 569 1750 Caepio
608 1688 772 1743 etiam,

307 1755 382 1801 vir
399 1768 511 1802 acer
531 1760 580 1800 et
597 1752 735 1801 fortis
748 1791 758 1809 ‚

306 1823 386 1869 cui
404 1820 604 1867 fortuna
631 1821 747 1868 belli

305 1885 406 1933 fuit
425 1884 640 1942 crimini,

309 1950 501 1999 invidia
521 1951 686 2013 populi

307 2019 405 2066 fui:
432 2017 719 2064 calamitati.

378 2082 613 2132 XXXVI.
636 2083 763 2131 Tum
783 2083 929 2131 etiam

308 2149 514 2197 fuerunt.
544 2148 600 2196 C.
628 2158 674 2195 et
700 2148 758 2197 L.
785 2147 1022 2207 Memmii,

310 2221 533 2264 oratores
556 2214 836 2277 mediocres,

310 2289 619 2330 accusatores
652 2296 785 2329 acres

312 2359 457 2410 atque
482 2346 644 2394 acerbi
671 2364 684 2394 z

312 2413 479 2476 itaque
499 2420 795 2461 vocaverunt
813 2414 994 2461 multos

314 2480 369 2528 in
387 2478 634 2543 judicium
655 2480 858 2543 capitis;

315 2562 412 2594 non
431 2545 660 2594 dixerunt
682 2561 806 2610 saepe

315 2627 404 2675 pro
440 2628 553 2659 reis.

319 2678 401 2741 Sp.
423 2677 635 2727 Thorius
658 2679 814 2726 valuit
836 2678 956 2725 satis

317 2746 372 2793 in
407 2759 581 2807 genere
604 2744 793 2792 dicendi
817 2743 1059 2807 populari,

320 2812 364 2859 is
382 2811 466 2872 qui
490 2812 669 2857 levavit
702 2811 932 2875 vectigali

319 2891 495 2941 agrum
525 2878 794 2939 publicum,

317 2944 426 3006 lege
446 2943 622 2990 vitiosa
642 2950 693 2991 et
710 2943 894 2992 inutili.

319 3009 390 3057 M.
411 3009 693 3068 Marcellus,

321 3082 456 3139 pater
477 3073 747 3137 AEsernini,

322 3155 419 3191 non
449 3141 545 3190 fuit
566 3142 654 3190 ille
672 3140 869 3205 quidem

322 3209 376 3256 in
400 3208 634 3270 patronis,

324 3274 410 3322 sed
434 3285 598 3322 tamen
619 3280 668 3321 et
688 3275 739 3322 in
766 3271 1003 3338 promptis

325 3353 374 3388 et
392 3355 492 3387 non
509 3339 839 3389 inexercitatis

325 3405 393 3453 ad
419 3405 710 3462 dicendumz

329 3477 389 3518 ut
411 3470 469 3518 P.
502 3472 757 3532 Lentulus,
783 3472 919 3520 filius
944 3473 1070 3534 ejus.

328 3537 388 3586 L.
417 3536 560 3587 Cotta
580 3539 743 3599 etiam,
768 3540 1041 3602 praetorius,

1087 373 1350 421 BRUTUS.
2036 365 2152 421 143

1090 507 1215 541 non·
1227 494 1491 541 seulement
1505 501 1560 540 tu
1580 495 1699 541 etais
1723 493 1948 549 satisfuit,

1095 562 1219 607 mais
1238 567 1292 606 tu
1312 575 1373 606 ne
1404 559 1653 608 cherchais
1688 576 1774 623 pas
1795 561 1964 609 mieux

1096 625 1157 686 Q.
1184 625 1409 674 Metellus
1430 626 1812 689 le-Numidique,

1091 701 1140 740 et
1157 691 1351 740 Silanus
1373 693 1589 754 collegue
1612 693 1669 739 de
1694 694 1783 750 lui,

1097 759 1308 806 disaient
1333 774 1417 806 sur
1444 758 2022 821 les-affaires-publiques

1095 840 1150 874 ee
1172 826 1257 887 qui
1279 825 1400 872 etait
1430 824 1660 885 suffisant
1681 840 1805 887 pour
1833 840 1914 873 ces
1935 826 2157 875 hommes

1098 898 1147 939 et
1169 906 1292 955 pour
1311 891 1358 938 la
1386 890 1573 954 dignite
1596 891 1887 939 consulaire.

1099 953 1169 1005 M.
1186 957 1417 1005 Aurelius
1440 956 1651 1005 Scaurus

1099 1037 1162 1071 ne
1184 1025 1364 1087 parlait
1386 1038 1473 1085 pas
1495 1031 1717 1082 souvent,

1098 1091 1224 1138 mais
1245 1104 1362 1137 avec
1387 1091 1642 1151 elegance3

1097 1157 1221 1203 mais
1240 1156 1277 1202 il
1302 1157 1439 1217 parla
1456 1156 1577 1204 latin

1098 1222 1461 1284 avec-elegance
1481 1223 1638 1284 parmi
1665 1223 1736 1269 les
1763 1222 2011 1283 premiers.

1101 1287 1169 1336 Ce
1194 1291 1351 1335 meme
1377 1291 1547 1336 merite

1101 1353 1159 1400 de
1184 1353 1344 1417 parler
1366 1355 1479 1401 bien

1100 1419 1178 1466 fut
1201 1419 1324 1466 dans
1348 1422 1408 1467 A.
1437 1421 1667 1478 Albinus.

1101 1485 1199 1534 Car
1222 1485 1268 1533 le
1291 1485 1492 1534 flamine
1519 1486 1733 1536 Albinus
1753 1492 1883 1537 aussi

1098 1551 1176 1598 fut
1202 1554 1392 1614 compte
1415 1567 1478 1599 au
1503 1552 1702 1600 nombre

1100 1617 1184 1665 des
1206 1617 1716 1681 hommes-eloquentS.

1098 1683 1163 1744 Q.
1203 1682 1388 1746 Cepion
1408 1685 1697 1744 &galemenn

1102 1750 1297 1798 homme
1321 1750 1572 1800 vehement
1595 1759 1644 1799 et
1664 1767 1961 1817 courageux,

1104 1820 1135 1863 a
1162 1818 1246 1879 qui
1270 1817 1322 1865 la
1345 1817 1539 1866 fortune
1574 1818 1633 1865 de
1657 1819 1708 1867 la
1729 1834 1903 1884 guerre

1104 1883 1181 1931 fut
1207 1885 1660 1947 tournee-a-crime,

1107 1954 1137 1996 ὰ
1165 1954 1243 2009 qut·
1266 1951 1319 1996 la
1340 1949 1486 1997 haine
1509 1951 1574 1997 du
1600 1951 1776 2014 penple

1109 2015 1205 2062 fuit
1227 2016 1827 2066 ane-cause-de-malheur.

1175 2082 1409 2131 XXXVI.
1435 2083 1581 2131 Alors
1604 2085 1734 2132 aussi

1111 2150 1341 2196 vecurent
1372 2148 1428 2198 O.
1457 2155 1505 2196 et
1526 2149 1582 2198 L.
1602 2150 1880 2208 Memmius,

1112 2225 1334 2262 orateurs
1355 2215 1639 2273 mediocres,

1113 2290 1424 2328 accusatenrs
1447 2280 1643 2329 ardents

1113 2357 1161 2392 et
1179 2348 1337 2395 cruels
1363 2364 1376 2394 ε

1114 2413 1180 2460 ils
1203 2414 1407 2461 citarent
1422 2413 1910 2478 beaucoup-de-gens

1115 2492 1176 2526 eu
1197 2479 1604 2543 jugement-pour
1622 2482 2007 2545 crime-capital3

1116 2545 1179 2592 ils
1202 2560 1263 2593 ne
1280 2546 1551 2608 plaiderent
1578 2562 1663 2610 pas
1687 2557 1891 2595 souvent

1118 2625 1239 2674 pour
1265 2611 1349 2659 des
1360 2614 1573 2660 accuses.

1117 2677 1199 2740 Sp.
1224 2678 1441 2727 Thorius
1460 2687 1545 2727 eut
1566 2693 1701 2726 assez
1724 2678 1784 2727 de
1807 2680 1959 2728 credit

1119 2744 1241 2793 dans
1272 2746 1319 2792 le
1343 2760 1493 2808 genre
1520 2747 1729 2793 oratoire
1756 2747 2021 2809 populaire,

1117 2812 1189 2859 lui
1213 2811 1297 2874 qui
1324 2811 1593 2874 dechargea
1627 2812 1832 2875 d’impsst

1118 2877 1189 2925 les
1219 2884 1371 2926 terres
1397 2878 1720 2926 du-domaine
1747 2880 1914 2942 public

1116 2958 1207 3006 par
1228 2959 1327 2991 une
1348 2944 1417 2992 loi
1452 2947 1702 2993 mauvaise
1734 2952 1786 2995 et
1814 2947 2008 2995 inutile.

1117 3010 1188 3059 M.
1214 3010 1494 3070 Marcellus,

1119 3077 1232 3139 pere
1257 3074 1614 3134 d’AEserninus‚

1119 3157 1185 3191 ne
1203 3143 1281 3190 fut
1307 3157 1394 3205 pas
1418 3144 1492 3191 lui
1516 3144 1768 3192 ‹lu-moins

1123 3210 1422 3257 au-nombre
1444 3210 1529 3258 des
1562 3219 1776 3274 avocats,

1123 3275 1248 3323 mais
1264 3275 1493 3325 toutefois
1516 3277 1672 3338 parmi
1686 3277 2064 3340 les-gens-ptets

1123 3349 1171 3389 et
1193 3353 1291 3388 non
1318 3341 1657 3404 peu—habitues

1125 3411 1156 3455 a
1181 3408 1369 3470 parler3

1127 3487 1315 3521 comme
1332 3473 1391 3521 P.
1412 3473 1664 3531 Lentulus,
1691 3473 1738 3521 le
1762 3473 1840 3520 fils
1861 3472 1918 3519 de
1940 3472 2029 3519 lui.

1133 3539 1192 3589 L.
1223 3539 1368 3588 Cotta
1389 3541 1534 3601 aussi,
1575 3540 1748 3587 ancien
1777 3540 1983 3601 preteur,
