2592 4084
1122 390 1388 439 snmus,
2034 422 2038 427 -
2103 383 2177 438 83

323 515 496 559 contra
517 509 621 559 Ser.
649 509 879 566 Galbam;
1123 518 1288 557 contre
1311 509 1412 557 Ser.
1446 508 1625 567 Galba3

324 593 473 639 quam
498 577 767 624 orationem
788 577 934 624 etiam
1117 575 1278 637 lequel
1305 575 1521 623 discours
1542 579 1696 624 meme

322 644 527 703 reliquit
552 643 797 704 scriptam.
1121 641 1157 688 il
1178 657 1208 687 a
1226 642 1369 688 luisse
1393 644 1645 703 par-ecrit.

390 709 530 757 XXI.
569 708 663 756 Sed
685 708 865 757 Catone
890 705 1001 754 vivo
1186 707 1324 755 XXI.
1362 708 1489 754 Mais
1512 708 1664 757 Caton
1684 707 1852 757 vivant

323 776 471 821 multi
486 783 701 821 oratores
717 775 929 821 minores
946 780 1067 823 natu
1122 772 1373 837 beaucoup
1392 774 1661 821 d’orateurs
1689 775 1845 823 moins
1867 776 1985 837 ages

322 839 597 888 floruerunt
620 855 718 887 uuo
738 847 963 903 tempore.
1121 837 1374 888 fieurirent
1402 839 1521 886 dans
1547 840 1590 886 le
1610 843 1764 888 meme
1785 846 1956 905 temps.

320 906 452 954 Nam
485 916 533 953 et
565 908 625 953 A.
655 906 885 962 Albinus,
911 909 954 954 is
982 905 1065 968 qui
1121 904 1214 952 Car
1238 914 1286 954 et
1306 908 1374 958 A.
1396 906 1621 963 Albinus,
1658 904 1779 953 celui
1805 911 1886 968 qui

323 972 520 1035 scripsit
542 971 797 1021 historiam
821 986 994 1037 graece,
1121 972 1291 1021 ecrivit
1310 986 1406 1019 une
1425 971 1630 1019 histoire
1647 985 1709 1020 en
1731 986 1859 1035 grec,

324 1039 411 1101 qui
433 1038 526 1086 fuit
547 1039 719 1086 consul
1120 1039 1203 1098 qui
1230 1037 1307 1088 fut
1329 1038 1502 1085 consul

322 1119 432 1152 cum
462 1105 516 1151 L.
550 1105 774 1162 Lucullo,
1119 1117 1234 1151 avec
1260 1106 1319 1153 L.
1346 1104 1601 1162 Lucullus,

321 1170 420 1217 fuit
434 1179 485 1217 et
505 1171 748 1218 litteratus
760 1176 808 1219 et
826 1170 1061 1237 disertus3
1119 1170 1195 1216 fut
1225 1180 1273 1219 et
1304 1172 1445 1220 lettre
1463 1177 1513 1217 et
1537 1171 1685 1218 disert
1706 1185 1722 1233 ;

324 1243 375 1283 et
395 1236 493 1284 Ser.
529 1237 730 1284 Fulvius
752 1239 899 1284 etiam
1118 1242 1165 1281 et
1197 1235 1300 1285 Ser.
1324 1237 1530 1285 Fulvius
1555 1237 1689 1284 aussi

324 1306 482 1350 tenuit
504 1303 760 1364 quemdam
778 1305 939 1351 locum
1119 1302 1211 1359 tiut
1233 1318 1304 1351 un
1328 1303 1514 1350 certain
1532 1316 1618 1349 ran
1624 1317 1659 1365 g

323 1382 440 1416 cum
462 1367 573 1427 hoc,
1117 1381 1232 1414 avec
1255 1368 1483 1424 celui-ci,

323 1444 374 1481 et
396 1450 495 1481 una
518 1435 619 1483 Ser.
644 1434 825 1483 Fabius
847 1435 1030 1494 Pictor,
1119 1438 1166 1479 et
1192 1434 1412 1483 avec-lui
1442 1432 1547 1485 Ser.
1573 1433 1753 1482 Fabius
1771 1433 1954 1492 Pictor,

321 1501 446 1548 bene
466 1501 646 1562 peritus
670 1507 718 1559 et
733 1501 879 1564 juris,
1118 1497 1229 1547 bien
1255 1504 1389 1549 verse
1412 1507 1460 1547 et
1485 1499 1606 1547 dans
1637 1500 1683 1549 le
1712 1499 1858 1558 droit,

323 1574 374 1617 et
395 1568 690 1622 litterarum,
1119 1571 1167 1612 et
1197 1565 1319 1613 dans
1341 1566 1410 1614 les
1429 1568 1614 1621 lettres,

322 1639 374 1680 et
391 1634 714 1695 antiquitatis.
1118 1635 1166 1677 et
1190 1632 1312 1679 dans
1336 1631 1628 1695 l’autiquite.

321 1697 629 1761 Quintusque
642 1699 823 1748 Fabius
841 1698 999 1747 Labeo
1119 1698 1182 1747 Et
1204 1698 1418 1758 Quintus
1440 1699 1621 1747 Fabius
1644 1697 1836 1747 Labeon

320 1763 420 1811 fuit
443 1776 642 1814 ornatus
1119 1764 1197 1813 sut
1219 1768 1337 1812 orne

319 1829 425 1878 lere
452 1831 623 1882 iisdem
646 1830 895 1881 laudibus.
1119 1844 1323 1893 presque
1347 1829 1431 1877 des
1454 1832 1633 1878 memes
1654 1830 1863 1878 meritos.

319 1894 449 1944 Nam
473 1896 534 1957 Q.
558 1897 798 1954 Metellus,
1120 1896 1213 1946 Car
1243 1896 1304 1957 Q.
1340 1895 1583 1954 Metellus,

318 1963 384 2021 is,
408 1964 552 2025 cujus
581 1974 790 2024 quatuor
812 1960 904 2010 filii
1120 1962 1263 2023 celui,
1289 1961 1411 2009 dout
1429 1962 1503 2010 les
1528 1969 1697 2025 quatre
1720 1961 1800 2010 fils

318 2027 528 2075 fuerunt
554 2029 850 2085 consulates,
1120 2028 1283 2076 furent
1304 2028 1621 2088 consulaires,

317 2094 527 2142 habitus
542 2102 617 2140 ost
635 2094 864 2157 eloquens
1120 2094 1198 2142 fut
1219 2093 1423 2158 regardo
1443 2108 1632 2142 comme
1656 2094 1881 2157 eloquent

316 2162 377 2209 in
405 2161 598 2222 primis,
1119 2163 1273 2223 parmi
1299 2161 1369 2208 les
1388 2162 1638 2221 premiers‚

316 2226 405 2288 qui
435 2225 559 2273 dixit
581 2241 668 2288 pro
699 2225 757 2274 L.
782 2224 943 2283 Cotta,
1119 2227 1302 2288 lui-qui
1326 2226 1465 2288 parla
1486 2241 1608 2289 pour
1635 2225 1692 2275 L.
1719 2225 1877 2285 Cotta,

320 2292 562 2340 Africano
581 2301 869 2355 accusante3
1117 2292 1379 2340 l'Africain
1402 2293 1873 2350 etant-accusateun

319 2358 467 2420 cujus
491 2369 538 2405 et
551 2358 662 2407 aliae
675 2359 1060 2417 orationessunt,
1120 2358 1242 2406 dont
1262 2365 1312 2405 et
1331 2358 1541 2405 d'autres
1561 2358 1781 2407 discours
1813 2366 1938 2417 sont,

321 2431 372 2471 et
393 2432 562 2472 contra
582 2424 695 2473 Tib.
723 2422 999 2475 Gracchum
1119 2432 1167 2471 et
1188 2429 1228 2471 ιο
1248 2426 1454 2471 discours
1477 2431 1644 2472 contre
1662 2424 1772 2472 Tib.
1796 2425 2047 2475 Gracchus

322 2490 543 2553 exposita
568 2498 641 2539 est
1119 2505 1150 2537 a
1165 2491 1240 2537 ete
1263 2490 1493 2553 rapporte

320 2556 377 2603 in
400 2556 659 2604 annalibus
680 2554 734 2603 C.
766 2554 961 2605 Fannii.
1122 2555 1243 2603 dans
1264 2556 1335 2603 les
1353 2556 1557 2603 annales
1581 2555 1639 2602 de
1659 2554 1712 2604 C.
1745 2556 1977 2607 Fannius.

320 2621 451 2670 Tum
475 2623 530 2671 L.
558 2622 702 2672 Cotta
721 2622 823 2684 ipse
1120 2622 1238 2669 Puis
1264 2622 1326 2673 L.
1350 2620 1496 2671 Cotta
1527 2621 1785 2670 lui-meme

318 2688 520 2736 habitus
541 2693 799 2738 veterator.
1120 2702 1260 2749 passa
1285 2703 1411 2750 pour
1434 2689 1731 2736 consomme.

323 2753 416 2802 Sed
440 2755 495 2804 C.
521 2754 703 2802 Laelius
1118 2754 1247 2802 Mais
1269 2754 1324 2802 C.
1355 2753 1524 2802 Lelius

320 2827 371 2868 et
393 2820 450 2867 P.
476 2820 740 2869 Africanus
1120 2826 1167 2866 et
1193 2820 1252 2868 P.
1277 2819 1541 2867 l'Africaiu

320 2886 599 2950 eloquentes
621 2887 672 2934 in
696 2885 896 2947 primis3
1118 2888 1274 2944 [urent
1293 2885 1554 2947 eloquents
1575 2886 1732 2948 parmi
1757 2886 1826 2933 les
1845 2889 2076 2948 premiere
2090 2909 2110 2947 3

321 2967 531 3015 quorum
553 2959 744 3000 exstant
770 2952 1028 3009 orationes,
1119 2951 1236 2998 dont
1258 2952 1527 2999 subsistent
1544 2950 1626 2999 des
1652 2952 1886 3009 discours,

319 3033 385 3067 ex
413 3019 589 3081 quibus
619 3023 775 3082 potest
795 3016 1064 3064 existimari
1121 3016 1235 3065 d’ou
1257 3018 1362 3065 l'on
1388 3026 1506 3080 peut
1525 3018 1670 3081 juger

322 3083 382 3131 de
400 3086 612 3148 ingeniis
637 3091 902 3133 oratorum.
1120 3081 1187 3129 du
1216 3084 1359 3147 genie
1392 3084 1452 3131 de
1482 3099 1550 3131 cos
1575 3090 1809 3133 orateurs.

319 3150 415 3198 Sed
444 3155 571 3198 inter
595 3150 701 3207 hos,
885 3150 1064 3213 luctato,
1119 3147 1243 3197 Mais
1266 3150 1421 3212 parmi
1442 3150 1656 3208 ceux-ci,

321 3217 610 3264 antecedens
654 3216 733 3265 his
772 3214 995 3279 paullum
1120 3216 1369 3264 anterieur
1391 3218 1421 3262 a
1444 3230 1540 3264 eux
1558 3230 1629 3264 uu
1645 3230 1739 3279 peu
1760 3230 1848 3278 par
1868 3216 2015 3279 l’age,

321 3281 428 3332 sor.
455 3283 614 3331 Galba
1119 3280 1219 3329 Ser.
1244 3280 1405 3331 Galba

321 3349 553 3411 prestitit
574 3349 848 3412 eloquentia
1116 3347 1372 3410 l'emporta
1394 3361 1482 3409 par
1503 3347 1794 3411 l’eloquence

324 3414 432 3461 sine
455 3416 805 3472 controversia3
1120 3427 1234 3461 saus
1255 3413 1522 3470 contredit;

324 3485 376 3526 et
397 3479 630 3528 nimirum
652 3483 696 3529 is
718 3482 941 3546 princeps
1121 3486 1171 3526 et
1189 3494 1300 3526 sans
1325 3479 1469 3527 doute
1489 3479 1559 3526 lui
1584 3479 1630 3528 le
1649 3477 1854 3543 premier

326 3560 390 3594 ex
412 3546 598 3594 Latinis
1122 3546 1280 3610 parmi
1297 3545 1372 3594 les
1394 3545 1563 3593 Latius
