2592 4084
469 331 585 385 330
1258 339 1525 385 esurus,

466 466 568 506 nec
596 464 789 504 rursus
828 448 906 503 ita
928 453 1138 518 vetere,
1181 454 1245 502 ut
1277 448 1554 519 Opimium
1590 453 1687 502 aut
1724 448 1973 502 Anicium
2017 450 2303 505 consulem

466 550 695 617 quaerat.
724 545 889 615 Atqui
917 561 996 599 eae
1026 548 1170 599 notae
1208 550 1337 598 sunt
1363 544 1603 614 optimae.
1644 543 1821 599 Credo
1845 561 1860 615 ;
1887 548 1983 599 sed
2009 546 2180 601 nimia
2204 564 2303 602 ve-

465 646 643 697 tustas
660 657 762 696 nec
786 640 956 695 habet
984 656 1128 710 eam,
1158 655 1325 711 quam
1355 640 1673 710 quaerimuS,
1698 638 2053 709 suavitatem,
2100 656 2200 693 nec
2220 647 2303 695 est

460 738 576 810 jam
595 753 728 793 sane
753 735 1079 792 tolerabilis.
1109 739 1250 791 Num
1273 735 1463 806 igitur,
1486 736 1578 807 qui
1599 734 1703 789 hoc
1722 734 1943 804 sentiat,
1969 735 2018 788 si
2041 734 2089 788 is
2112 741 2303 804 potare

462 835 619 904 velit,
633 833 700 889 de
723 833 867 888 dolio
890 832 993 887 sibi
1019 830 1387 887 hauriendum
1404 830 1594 902 putet?
1609 829 1863 901 Minime3
1891 830 1987 885 sed
2008 831 2302 901 quamdam

462 939 729 1005 sequatur
771 938 1007 988 aetatem.
1038 933 1125 987 Sic
1170 948 1272 1002 ego
1312 932 1434 986 istis
1460 931 1766 987 censuerim
1797 936 1851 985 et
1884 945 2083 987 novam
2116 931 2299 996 istam,

465 1030 624 1101 quasi
648 1028 717 1083 de
742 1033 925 1083 musto
952 1043 1015 1082 ac
1040 1026 1183 1090 lacu,
1201 1026 1473 1082 fervidam
1504 1026 1810 1082 orationem
1830 1026 2175 1097 fugiendam,
2201 1043 2303 1082 nec

464 1130 617 1185 illam
643 1127 968 1200 praeclaram
990 1126 1294 1197 Thucydidi
1322 1127 1486 1183 nimis
1510 1132 1774 1195 veterem,
1797 1133 2065 1199 tanquam
2081 1129 2300 1183 Anicia-

462 1243 589 1283 nam
619 1231 822 1292 notam,
857 1223 1317 1294 persequendam.
1359 1225 1483 1294 Ipse
1512 1223 1660 1277 enim
1673 1223 2023 1294 Thucydides
2049 1225 2096 1278 si
2117 1232 2301 1295 poste-

461 1327 576 1380 rius
596 1323 811 1393 fuisset,
843 1320 1015 1375 multo
1030 1321 1300 1375 maturior
1316 1320 1510 1376 fuisset
1539 1327 1593 1376 et
1618 1320 1819 1376 mitior.

532 1420 807 1474 LXXXIV.
832 1416 1259 1472 Demosthenem
1281 1416 1450 1488 igitur
1472 1416 1772 1472 imitemur.
1795 1419 1837 1474 Ο
1858 1418 1935 1472 dii
1958 1417 2115 1473 boni!
2146 1419 2296 1489 quid,

462 1530 669 1586 quaeso,
706 1529 807 1569 nos
840 1514 990 1569 aliud
1023 1515 1271 1586 agimuS,
1303 1519 1400 1569 aut
1427 1511 1559 1585 quid
1587 1513 1739 1569 aliud
1769 1515 2060 1585 optamus?
2093 1518 2162 1570 At
2191 1531 2301 1569 non

463 1615 833 1685 assequimur.
870 1614 968 1668 Isti
1003 1614 1148 1668 enim
1185 1611 1448 1668 videlicet
1473 1611 1636 1668 Attici
1672 1612 1868 1680 nostri,
1895 1613 2045 1683 quod
2075 1612 2297 1683 volunt,

460 1713 861 1785 assequuntur!
894 1730 962 1768 ne
986 1712 1124 1767 illud
1147 1711 1373 1783 quidem
1400 1711 1739 1783 intelligunt,
1767 1728 1879 1768 non
1901 1714 2066 1769 modo
2090 1715 2166 1769 ita
2187 1731 2303 1771 me·

460 1815 651 1870 moriae
680 1813 962 1885 proditum
992 1828 1132 1881 esse,
1163 1811 1261 1866 sed
1290 1811 1367 1866 ita
1394 1827 1617 1867 necesse
1645 1811 1835 1880 fuisse,
1866 1827 2039 1883 quum
2066 1815 2298 1869 Demos-

457 1912 655 1967 thenes
679 1911 927 1966 dicturus
954 1914 1129 1979 esset,
1157 1915 1218 1964 ut
1243 1924 1559 1979 concursus,
1587 1908 1844 1963 audiendi
1868 1924 2063 1975 causa,
2095 1927 2162 1964 ex
2184 1915 2299 1966 tota

458 2115 581 2178 qu’il
603 2115 697 2162 soit
718 2110 936 2160 recueilli
958 2126 1070 2158 sous
1087 2111 1158 2157 les
1177 2110 1391 2162 demiers
1410 2110 1622 2169 consuls,
1645 2111 1697 2158 ni
1716 2111 1754 2157 si
1778 2114 1923 2157 vieux
1941 2111 2062 2172 qu’il
2081 2121 2298 2162 remonte

454 2192 687 2256 J‘usqu'au
711 2190 937 2239 consulat
969 2186 1245 2251 d’Opimius
1279 2204 1344 2237 ou
1383 2189 1657 2237 d’Anicius.
1689 2208 1710 2231 ι
1745 2189 1812 2237 Ce
1846 2197 1957 2237 sont
1988 2198 2220 2251 pourtant
2250 2191 2299 2238 Ιὲ.

454 2273 526 2318 les
552 2271 825 2317 meilleures
858 2269 1053 2314 anneee.
1090 2285 1113 2311 ι
1144 2266 1263 2315 Sans
1290 2267 1453 2326 doute,
1491 2267 1614 2314 mais
1640 2267 1686 2313 le
1707 2274 1861 2329 temps
1892 2281 1922 2314 a
1949 2265 2039 2313 fait
2060 2268 2237 2327 perdi-e
2268 2271 2300 2317 ὲ,

454 2364 511 2398 ce
536 2349 618 2397 vin
651 2364 705 2396 ce
734 2348 928 2409 parsum
958 2361 1051 2407 que
1086 2360 1210 2393 nous
1248 2345 1582 2402 reclamemus,
1618 2351 1666 2393 et
1696 2345 1734 2393 il
1764 2347 1889 2392 n’est
1916 2344 2152 2391 vraiment
2181 2347 2299 2407 plus

458 2427 783 2491 supporteble.
811 2426 1145 2473 Dirum-nous
1169 2439 1290 2488 pour
1313 2426 1416 2471 cela
1448 2424 1570 2485 qu’il
1588 2424 1697 2471 faut
1712 2425 1846 2472 boire
1869 2424 1912 2471 le
1931 2423 2023 2469 vinx
2047 2436 2112 2470 au
2143 2426 2315 2473 sot-tir·

457 2506 515 2553 de
538 2507 588 2554 la
618 2500 774 2553 euve?
804 2502 914 2553 Non
941 2510 1107 2561 certes,
1135 2505 1174 2551 il
1198 2506 1242 2551 le
1264 2504 1371 2550 faut
1402 2503 1543 2550 vieux
1560 2541 1574 2564 ,
1602 2502 1726 2550 maie
1747 2500 2203 2550 raisonnablement.
2234 2502 2298 2553 Je

453 2585 758 2632 conseillerei
803 2584 861 2630 de
901 2586 1059 2630 meme
1103 2585 1133 2630 ὲι
1172 2598 1261 2631 nos
1301 2592 1519 2632 orateurs
1557 2582 1754 2630 d’eviter
1801 2584 1830 2628 'a
1869 2582 1919 2630 la
1952 2579 2044 2628 fois
2080 2596 2133 2629 ce
2170 2584 2297 2646 style

452 2669 561 2724 trop
611 2664 841 2711 moderne
857 2696 871 2719 ,
912 2676 1004 2723 que
1029 2662 1079 2723 Je
1124 2663 1449 2723 comparet-ais
1497 2677 1560 2710 au
1610 2662 1694 2709 vin
1726 2666 1913 2709 soi-tant
1954 2660 2022 2710 du
2054 2664 2291 2723 pressoir,

452 2750 499 2787 et
525 2742 609 2802 qui
632 2741 867 2787 fermente
890 2755 1080 2797 encore,
1106 2749 1154 2786 et
1191 2750 1315 2786 cette
1351 2742 1564 2789 muniere
1588 2740 1648 2789 de
1678 2739 1979 2802 Thucydide,
2016 2739 2162 2789 d’uno
2183 2741 2303 2790 data:

452 2820 728 2877 excellente,
762 2821 887 2865 mais
924 2827 1035 2881 trop
1076 2818 1255 2878 vieille,
1290 2832 1478 2866 comme
1499 2820 1544 2867 Ie
1576 2819 1659 2867 vin
1691 2819 1963 2867 d’Anieius.
2005 2819 2297 2882 Thucydide

450 2897 722 2954 lui-meme,
751 2896 829 2943 s'il
853 2897 970 2943 etait
991 2912 1115 2943 venu
1141 2898 1249 2958 plus
1272 2895 1400 2955 tard,
1426 2899 1587 2948 anteit
1606 2914 1665 2946 eu
1695 2899 1900 2961 quelque
1922 2897 2064 2946 chose
2092 2898 2149 2945 de
2178 2900 2292 2962 plue

451 2978 563 3023 mur
582 2985 630 3023 et
650 2976 707 3022 de
726 2976 835 3037 plus
861 2975 1122 3021 moelleux.

515 3054 791 3103 LXXXIV.
819 3073 841 3097 α
858 3052 1060 3101 Imitons
1084 3054 1209 3101 donc
1225 3053 1562 3103 Demosthene.
1583 3073 1606 3098 ι
1629 3054 1763 3103 Bone
1783 3053 1948 3114 dieux,
1974 3057 2181 3104 n’est-ce
2204 3070 2301 3118 pas.

447 3134 494 3180 le
515 3133 606 3180 but
629 3133 685 3180 de
708 3140 816 3181 tous
842 3148 929 3181 nos
962 3132 1144 3191 efforts,
1172 3134 1231 3181 de
1256 3140 1365 3181 tous
1389 3147 1487 3183 nost
1501 3130 1685 3181 desire?
1709 3133 1777 3181 Ils
1799 3134 1963 3181 diront
1992 3150 2083 3196 que
2107 3150 2235 3184 noue
2254 3151 2290 3198 y

447 3214 743 3260 reussissone
768 3212 884 3259 mal.
906 3211 1011 3261 Eh!
1039 3227 1127 3259 nos
1149 3212 1654 3276 pretendusAttiques
1679 3213 1858 3260 ont-ile
1885 3212 2013 3261 d'one
2033 3212 2299 3262 l‘heurenx¹

447 3291 682 3354 privilege
707 3291 765 3339 de
791 3292 973 3340 reussir
996 3306 1055 3339 en
1090 3296 1227 3345 tout?
1266 3293 1334 3339 Ils
1357 3307 1417 3338 ne
1438 3297 1786 3354 comprennent
1811 3307 1895 3356 pas
1925 3296 2082 3340 meme
2103 3308 2174 3341 un
2198 3294 2287 3342 fait

445 3372 617 3418 atteste
635 3386 723 3433 par
757 3370 1008 3429 l’histoire,
1033 3378 1081 3419 et
1105 3373 1272 3434 quine
1303 3372 1501 3433 pouvait
1527 3386 1761 3433 manquer
1795 3369 1982 3421 d'avoir
2009 3373 2109 3420 lieu
2131 3389 2145 3419 ι
2172 3373 2289 3421 c’est

447 3462 557 3507 que,
584 3448 743 3510 quand
762 3449 1084 3498 Demosthene
1107 3451 1267 3498 devait
1288 3451 1463 3513 parler,
1481 3465 1545 3499 on
1563 3452 1827 3510 aoeourait,
1852 3466 1974 3513 pour
1997 3450 2284 3509 l’entendre,
