2592 4084
436 309 547 367 154
1223 320 1486 367 neurus,

430 439 613 507 aptus,
644 436 827 502 Quare
849 436 924 491 sit
945 435 1105 493 nobis
1126 441 1315 492 orator
1335 436 1394 490 in
1414 436 1519 492 hoo
1539 435 1964 508 interpretandi,
1985 437 2283 510 explanan-

430 531 618 604 dique,
648 538 707 588 et
731 533 1039 590 disserendi
1056 550 1265 605 genere
1289 534 1581 605 mirabili8‚
1607 536 1687 591 sie
1719 540 1783 591 ut
1818 537 1999 593 simile
2032 536 2173 593 nihil
2200 537 2284 595 vi-

424 625 731 699 derim31n
750 626 1029 698 augendo,
1056 627 1116 681 in
1145 626 1411 699 ornando,
1440 627 1499 681 in
1534 627 1843 686 refellendo
1877 630 2061 702 magis
2093 630 2280 688 edefi-

426 723 608 774 mator
651 718 1018 791 metuendus,
1062 735 1235 791 qum
1276 719 1641 775 ulm‘mdue
1689 727 1895 777 orator.
1943 725 2157 778 ‘Verum
2210 723 2281 779 ad

426 811 688 866 Crassum
717 818 1084 867 revertamur.

492 904 603 958 XL.
661 905 800 958 Tum
845 904 1077 969 BrutuS,
1124 904 1242 959 Etsi
1281 905 1444 975 satis,
1489 905 1697 977 inquit,
1731 907 1869 962 mihi
1905 907 2139 964 videbar
2172 908 2280 964 ha·

423 994 557 1051 bere
588 995 867 1067 cognitum
887 996 1191 1053 Scaevolam
1217 1012 1280 1051 ex
1317 996 1386 1052 iis
1420 996 1609 1068 rebus,
1640 1014 1778 1070 quas
1807 999 2102 1057 audiebam
2131 1017 2277 1073 saepe

426 1103 492 1143 ex
531 1087 758 1158 Rutilio,
805 1103 914 1159 quo
944 1087 1233 1153 utebatur,
1275 1092 1504 1159 propter
1547 1087 1978 1144 familiaritatem
2018 1090 2277 1147 Soaevolae

423 1184 616 1255 nostri,
639 1189 828 1239 tamen
855 1183 961 1239 ista
983 1183 1119 1239 mihi
1144 1182 1265 1254 ejus
1287 1182 1510 1238 dicendi
1537 1188 1693 1238 tanta
1713 1182 1836 1239 laus
1855 1190 1985 1241 nota
2004 1201 2116 1243 non
2134 1193 2276 1243 erat.

423 1280 616 1350 Itaque
646 1276 769 1350 cepi
791 1277 1151 1349 voluptatem,
1178 1282 1289 1334 tam
1316 1283 1571 1334 ornatum
1609 1277 1815 1342 virum,
1840 1283 2064 1351 tamque
2090 1280 2276 1336 excel-

422 1368 544 1424 lens
570 1367 855 1440 ingenium
896 1369 1069 1426 fuisse
1110 1371 1169 1426 in
1205 1375 1394 1426 nostra
1421 1351 1728 1443 republica.
1754 1400 1822 1412 —
1844 1371 1947 1426 Hic
1969 1386 2093 1443 ego,
2125 1361 2275 1443 Noli,

422 1463 669 1535 inquam,
700 1466 888 1529 Brute,
919 1465 1258 1536 existimare,
1301 1463 1389 1518 his
1431 1463 1647 1521 duobus
1679 1464 1979 1536 quidquam
2012 1465 2182 1522 fuisse
2217 1466 2279 1522 in

422 1560 608 1610 nostra
646 1555 867 1612 civitate
890 1556 1277 1628 praestantius3
1301 1571 1429 1611 nam
1456 1561 1521 1611 ut
1537 1556 1723 1627 paullo
1760 1563 1889 1612 aute
1917 1556 2029 1612 dixi
2056 1558 2276 1613 eonsul-

421 1652 606 1703 torum
628 1646 868 1703 alterum
892 1647 1339 1720 disertissimum,
1367 1649 1700 1704 disertorum
1721 1649 1962 1705 alterum
1974 1650 2279 1707 consultis-

422 1740 625 1795 simum
649 1741 821 1796 fuisse
843 1758 857 1811 ;
889 1741 968 1796 sie
992 1741 1048 1795 in
1073 1740 1306 1813 reliquis
1332 1739 1500 1796 rebus
1526 1740 1605 1794 ita
1626 1740 1923 1796 dissimiles
1946 1747 2108 1798 erant
2133 1742 2279 1797 inter

421 1849 566 1903 sese,
590 1840 836 1891 statuere
861 1840 924 1890 ut
944 1841 1132 1891 tamen
1161 1851 1270 1891 non
1288 1850 1502 1906 posseS,
1538 1833 1719 1889 utrius
1739 1840 1794 1888 te
1817 1834 2019 1890 malles
2040 1833 2277 1891 similio-

419 2029 526 2076 vete
553 2027 931 2075 merveilleueee.
959 2027 1141 2074 Dinone
1164 2026 1290 2074 done
1325 2027 1445 2090 qu'il
1480 2042 1512 2075 a
1531 2027 1669 2090 porte
1696 2041 1749 2076 oe
1772 2026 1927 2075 talent
1953 2026 2274 2091 d’expliquer,

422 2122 712 2182 d’eeleireir,
744 2122 804 2170 de
825 2122 1054 2181 dieenter,
1082 2125 1113 2170 a
1130 2137 1225 2170 une
1246 2123 1514 2185 perfectiori
1537 2125 1567 2171 ὲ.
1585 2122 1799 2186 laquelle
1813 2123 1864 2187 je
1881 2123 1981 2172 n’ai
2006 2124 2111 2172 rien
2128 2139 2196 2173 vu
2216 2125 2279 2172 de

419 2219 753 2282 eomparab103
785 2220 930 2276 maie,
965 2234 1089 2281 pour
1123 2234 1178 2267 ee
1212 2221 1297 2283 qui
1337 2219 1544 2284 regarde
1571 2218 1977 2283 l’amplification‚
2013 2218 2085 2267 les
2126 2234 2276 2268 orne-

419 2324 579 2365 mente
602 2315 668 2364 du
686 2315 830 2379 style,
856 2317 927 2364 les
947 2315 1310 2373 rectificatione,
1330 2332 1393 2363 on
1415 2315 1578 2363 devait
1593 2316 1755 2379 plutot
1778 2316 1825 2364 le
1844 2315 2068 2364 redouter
2083 2329 2276 2363 oomme

418 2414 643 2476 critique,
669 2429 764 2476 que
783 2413 1037 2461 l’admirer
1060 2428 1248 2461 comme
1277 2420 1492 2460 orateur.

485 2510 592 2562 XL.
632 2511 694 2561 Je
731 2512 937 2573 moysis,
976 2510 1286 2571 interrumpit
1313 2510 1529 2571 Brutus,
1559 2512 1813 2556 eonnaitre
1842 2522 1976 2555 assez
2013 2507 2128 2556 bien
2158 2507 2278 2557 Soe-

418 2608 532 2658 vola
553 2623 642 2672 par
660 2614 769 2656 tout
789 2623 844 2656 oe
867 2622 958 2670 que
976 2607 1076 2670 j’en
1104 2608 1238 2654 avais
1262 2605 1477 2654 entendu
1501 2604 1605 2654 dire
1627 2607 1659 2652 ὲ,
1678 2605 1735 2654 C.
1760 2604 1994 2666 Rutilius,
2034 2620 2122 2653 eon
2154 2599 2272 2664 ami,

421 2701 544 2750 dane
565 2703 615 2750 la
636 2702 813 2749 societ&
838 2702 904 2749 du
938 2701 1139 2749 Scevola
1161 2700 1246 2762 qui
1279 2700 1351 2747 vit
1381 2700 1714 2755 maintenantz
1755 2699 1986 2747 toutefois
2014 2699 2066 2762 je
2102 2715 2163 2746 ne
2199 2699 2275 2747 lui

419 2798 581 2847 navaie
598 2812 685 2860 pue
706 2812 773 2844 un
800 2798 843 2845 ei
868 2797 1027 2860 grand
1060 2797 1215 2844 talent
1243 2810 1369 2858 pour
1400 2795 1451 2843 la
1482 2796 1664 2859 parole.
1691 2794 1836 2844 Aueei
1855 2794 2141 2858 J’appreude
2160 2808 2278 2842 aveo

415 2895 517 2958 joie
544 2908 638 2956 que
667 2900 805 2941 notre
833 2893 1119 2956 republique
1143 2893 1213 2940 ait
1233 2891 1429 2954 possede
1460 2908 1528 2940 un
1560 2892 1755 2939 homme
1787 2892 1903 2939 d’un
1933 2893 1999 2939 tel
2026 2893 2196 2939 merite
2225 2898 2277 2940 et

419 2989 537 3040 d’un
563 2991 605 3039 ei
629 2990 753 3038 beau
778 2989 1015 3053 genie.—
1034 2989 1106 3037 Ne
1128 3004 1301 3052 eroyez
1336 3003 1442 3051 pas,
1470 2989 1672 3044 Brutus,
1698 2987 1922 3052 reprie-je
1946 2989 1978 3034 ὲ,
2000 3002 2117 3036 mon
2138 2994 2271 3043 tour,

419 3102 514 3150 que
535 3087 687 3136 Rome
710 3088 782 3135 eit
813 3087 918 3134 rien
937 3084 1137 3150 produit
1161 3084 1220 3133 de
1246 3086 1360 3148 plue
1396 3087 1635 3149 accompli
1667 3100 1762 3148 que
1788 3099 1868 3134 ees
1898 3082 2027 3133 deux
2059 3083 2277 3133 illustres
2325 3067 2334 3076 ’

419 3184 655 3246 citoyens.
682 3182 744 3233 Je
765 3182 849 3230 l'ai
873 3181 945 3230 dit
966 3187 1073 3229 tout
1092 3182 1124 3230 ὃ
1143 3181 1346 3236 l’heure,
1373 3181 1481 3230 l’un
1500 3181 1619 3230 eteit
1639 3181 1687 3229 le
1706 3182 1820 3245 plue
1843 3181 2073 3243 eloquent.
2089 3180 2174 3229 dee
2187 3180 2275 3244 ju-

420 3278 758 3343 risconsultee,
783 3277 961 3326 l’autre
974 3277 1022 3326 le
1042 3278 1266 3326 meilleur
1284 3277 1637 3341 jurisconsulto
1658 3277 1817 3340 parmi
1835 3277 1906 3325 lee
1926 3276 2148 3326 hommes
2165 3275 2277 3324 elo-

419 3381 612 3438 quente.
651 3358 945 3440 figelement
973 3375 1343 3424 dieeemblablee
1365 3374 1487 3422 dane
1515 3374 1648 3422 leurs
1679 3380 1843 3423 autres
1861 3381 2105 3437 apporto,
2122 3388 2190 3422 on
2209 3388 2276 3423 ne

419 3474 605 3522 anteit
624 3472 729 3521 dire
755 3473 1026 3538 oependant
1045 3473 1221 3536 auquel
1255 3472 1341 3520 dee
1370 3472 1497 3521 deux
1520 3485 1585 3519 on
1613 3470 1838 3520 aimerait
1866 3472 2034 3519 mieux
2059 3483 2274 3521 mnem-
