2592 4084
434 367 455 421 1
470 365 502 419 7
510 365 545 418 8
1222 376 1486 424 BRUTUS.

426 497 548 547 tum
588 490 916 563 urbanitatis
948 490 1178 562 habent,
1216 498 1277 547 ut
1310 508 1468 563 paene
1503 492 1678 549 Attico
1716 493 1861 565 stylo
1899 495 2117 568 scriptae
2155 513 2279 553 esse

425 581 740 638 videantur.
777 583 1014 646 Easdem
1040 581 1285 654 argutias
1327 583 1383 639 in
1415 583 1732 657 tragoediaS,
1759 586 1895 642 satis
1924 588 2149 659 quidem
2179 588 2278 645 ille

426 679 609 742 acute,
639 675 737 731 sed
766 692 965 748 parum
999 676 1209 749 tragice
1237 678 1540 734 transtulit.
1582 681 1759 746 Quem
1791 680 2047 737 studebat
2072 682 2278 738 imitari

425 769 486 824 L.
535 767 791 823 Afranius
836 773 1019 840 poeta,
1068 768 1234 825 homo
1280 775 1635 844 perargutus,
1692 774 1749 827 in
1798 773 2001 829 fabulis
2049 774 2278 845 quidem

427 858 613 926 etiam,
649 867 711 916 ut
733 862 905 933 scitis,
946 862 1206 919 disertus.
1233 864 1361 919 Fuit
1388 864 1558 920 etiam
1590 867 1655 932 Q.
1694 866 1934 922 Rubrius
1960 869 2153 939 Varro,
2182 867 2279 940 qui

425 970 460 1010 a
491 960 687 1010 senatu
721 955 897 1011 hostis
935 972 1056 1011 cum
1104 958 1167 1011 C.
1194 957 1370 1012 Mario
1408 955 1691 1027 J'udicatus
1727 962 1830 1027 est,
1862 973 1992 1013 acer
2014 965 2072 1014 et
2100 959 2275 1014 vehe-

426 1063 584 1102 mens
603 1053 908 1103 accusator.
939 1050 1000 1102 In
1024 1064 1090 1102 eo
1117 1063 1323 1119 genere
1350 1064 1485 1104 sane
1511 1048 1832 1121 probabilis„
1859 1049 2053 1105 doctus
2089 1057 2275 1108 autem

425 1139 635 1196 Graecis
676 1140 896 1211 litteris,
950 1140 1296 1213 propinquus
1344 1148 1552 1214 noster,
1608 1143 1789 1198 factus
1836 1143 1908 1197 ad
1956 1143 2275 1212 dicendum,

425 1237 501 1290 M.
523 1234 821 1305 Gratidius,
846 1235 920 1288 M.
943 1234 1161 1289 Antonii
1178 1234 1598 1306 perfamiliaris,
1617 1235 1777 1305 cujus
1790 1235 2085 1305 praefectus
2105 1253 2279 1308 quum

427 1330 575 1383 esset
601 1325 660 1379 in
685 1325 897 1396 Cilicia,
925 1330 1010 1380 est
1044 1324 1397 1395 interfectus;
1427 1326 1524 1399 qui
1546 1325 1827 1383 accusavit
1862 1328 1923 1381 C.
1953 1326 2273 1400 Fimbriam,

426 1420 501 1472 M.
532 1417 692 1473 Marii
721 1417 1025 1473 Gratidiani
1050 1424 1227 1490 pater.

493 1513 670 1567 XLVI.
694 1541 762 1551 —
786 1515 964 1584 Atque
994 1511 1164 1567 etiam
1193 1511 1343 1582 apud
1370 1511 1549 1567 socios
1569 1517 1625 1567 et
1651 1511 1876 1567 Latinos
1899 1516 2148 1566 oratores
2174 1510 2279 1566 ha-

423 1603 525 1659 biti
550 1608 680 1658 sunt
708 1607 772 1670 Q.
798 1605 1012 1661 Vettius
1030 1606 1339 1675 VettianUS,
1375 1620 1404 1659 e
1436 1605 1658 1675 MarsiS,
1688 1621 1855 1677 quem
1883 1604 2003 1675 ipse
2023 1606 2277 1677 cognovi,

422 1697 668 1770 prudens
693 1696 801 1768 vir,
838 1703 895 1753 et
923 1698 979 1753 in
1014 1697 1245 1753 dicendo
1275 1697 1490 1766 brevis3
1526 1698 1591 1762 Q.
1622 1702 1677 1753 et
1714 1699 1779 1752 D.
1820 1696 2027 1753 Valerii
2058 1700 2277 1769 Sorani,

424 1789 593 1845 vicini
639 1796 696 1846 et
735 1790 1036 1846 familiares
1078 1790 1209 1861 mei,
1249 1796 1502 1846 nontam
1535 1791 1593 1845 in
1633 1791 1869 1847 dicendo
1900 1790 2275 1861 admirabileS,

426 1896 594 1952 quam
611 1883 759 1939 docti
784 1888 840 1939 et
862 1883 1066 1939 Graecis
1084 1882 1282 1939 litteris
1302 1888 1358 1937 et
1376 1882 1583 1938 Latinis
1602 1899 1616 1953 ;
1644 1884 1706 1938 C.
1739 1882 2079 1938 Rusticelius
2101 1885 2279 1938 Bono-

425 2045 509 2093 des
533 2046 957 2109 rapproehements
980 2046 1050 2094 les
1073 2046 1185 2109 plus
1210 2046 1449 2104 henrenx,
1474 2045 1533 2092 de
1553 2044 1818 2094 l’urbanite
1842 2046 1895 2093 la
1918 2046 2029 2107 plus
2058 2046 2275 2107 exquise,

423 2134 679 2192 semblent,
699 2133 752 2197 je
772 2134 819 2181 le
843 2134 966 2182 dirai
988 2149 1207 2196 presque,
1232 2134 1400 2181 couler
1424 2132 1571 2181 d'une
1595 2134 1759 2196 plume
1780 2134 2001 2195 Attique.
2027 2134 2071 2182 11
2095 2150 2127 2182 a
2148 2138 2282 2198 porte

419 2223 595 2285 jusque
613 2222 735 2270 dans
753 2237 827 2270 ses
847 2222 1087 2286 tragedies
1106 2229 1182 2271 cet
1202 2223 1353 2286 esprit
1371 2222 1442 2270 fin
1464 2228 1512 2269 et
1534 2222 1756 2279 brillant,
1773 2221 1897 2269 mais
1917 2236 2011 2282 peu
2030 2221 2192 2283 tragiq
2200 2237 2278 2279 ue,

425 2311 545 2359 dont
575 2327 651 2360 ses
678 2311 898 2360 discours
925 2312 1224 2359 etincellent.
1253 2310 1297 2358 11
1329 2316 1413 2358 eut
1440 2325 1565 2373 pour
1586 2311 1745 2357 emule
1776 2309 1822 2356 le
1846 2311 1978 2372 po'ete
2010 2307 2249 2357 Afranius
2265 2347 2282 2370 ,

422 2402 637 2449 ecriv-ain
666 2401 908 2464 spirituel,
943 2402 1170 2463 eloquent
1198 2403 1373 2456 meme,
1402 2412 1590 2447 comme
1615 2414 1738 2446 vous
1769 2399 1817 2445 le
1841 2413 1997 2452 savez,
2025 2413 2088 2444 an
2112 2397 2283 2448 moins

423 2489 545 2538 dans
582 2489 631 2537 le
667 2505 817 2553 genre
853 2489 1174 2552 dramatiqne.
1220 2489 1466 2549 Ajoutons
1497 2501 1669 2535 encore
1694 2486 1909 2535 Rubrius
1931 2485 2156 2544 Varron,
2194 2502 2282 2535 ae-

421 2584 648 2627 cusateur
679 2578 850 2626 ardent
875 2587 924 2626 et
953 2578 1230 2641 passionne,
1263 2577 1349 2639 qni
1383 2575 1460 2623 fut
1496 2576 1685 2623 declaro
1719 2590 1808 2639 par
1841 2575 1888 2622 le
1915 2574 2062 2623 Senat
2087 2575 2280 2622 ennemi

421 2666 587 2727 public
620 2679 736 2713 avec
768 2666 827 2714 C.
858 2665 1063 2713 Marius.
1101 2664 1445 2712 Mentionnons
1480 2677 1596 2711 avec
1624 2678 1721 2711 une
1753 2663 1984 2710 veritable
2019 2664 2186 2710 estime
2208 2677 2279 2709 un

422 2759 561 2800 autre
584 2760 777 2800 orateur
793 2753 859 2800 du
879 2756 1034 2801 meme
1057 2752 1220 2808 ordre,
1247 2752 1373 2799 mais
1400 2743 1604 2800 insti-uit
1624 2752 1745 2800 dans
1766 2752 1837 2799 les
1855 2752 2021 2799 lettres
2046 2764 2279 2814 grecqnes

422 2847 470 2888 et
494 2841 556 2888 ne
584 2855 707 2902 pour
728 2841 780 2888 la
806 2840 988 2903 parole,
1023 2840 1095 2888 M.
1123 2838 1396 2895 Gratidius,
1425 2854 1541 2886 mon
1565 2846 1764 2903 parent,
1797 2838 1898 2886 ami
1924 2839 2096 2885 intime
2121 2837 2279 2885 d'An-

422 2930 570 2987 tuine,
594 2937 643 2977 et
665 2945 754 2978 son
777 2930 1050 2978 lientenant
1072 2942 1133 2975 en
1159 2927 1350 2987 Cilicie,
1379 2931 1444 2976 οὺ
1462 2929 1500 2976 11
1520 2928 1599 2977 fut
1623 2930 1729 2986 tu63
1759 2927 1890 2976 enfin
1913 2933 2197 2975 accusateur
2218 2926 2280 2974 de

422 3019 479 3068 C.
507 3020 742 3077 Fimbria,
769 3024 818 3066 et
845 3018 958 3080 pere
977 3016 1035 3064 de
1053 3016 1238 3065 Marius
1256 3016 1593 3067 Gratidianus.

488 3106 665 3156 XLVI.
697 3107 788 3155 Les
815 3106 956 3154 villes
979 3105 1145 3153 alliees
1171 3110 1218 3152 et
1240 3105 1289 3152 le
1311 3105 1506 3156 Latium
1529 3105 1708 3152 mitent
1734 3102 1865 3151 aussi
1887 3118 1951 3151 au
1970 3102 2174 3150 nombre
2196 3100 2280 3149 des

422 3202 642 3243 orateurs
666 3194 727 3253 Q.
754 3194 949 3243 Vettius
978 3194 1257 3250 Vettianus,
1283 3193 1351 3242 du
1371 3209 1492 3257 pays
1515 3192 1597 3241 des
1625 3193 1837 3252 Marses,
1872 3207 1968 3255 que
1995 3192 2086 3255 J’ai
2113 3205 2278 3239 connu

421 3282 725 3340 moi-meme,
755 3281 948 3330 homme
971 3278 1148 3330 eolaire
1171 3286 1220 3329 et
1242 3282 1399 3344 precis
1427 3280 1547 3328 dans
1572 3294 1647 3329 ses
1667 3279 1912 3338 discours3
1938 3279 2010 3327 les
2031 3278 2160 3326 deux
2177 3276 2280 3327 Va-

420 3370 571 3421 letius
591 3369 824 3429 Soranus,
849 3386 953 3419 mes
970 3369 1156 3418 voisins
1179 3377 1228 3418 et
1245 3381 1348 3417 mes
1365 3370 1510 3427 amis,
1533 3371 1693 3418 moins
1715 3367 2163 3417 recommandables
2190 3382 2279 3431 par

421 3457 469 3505 le
491 3456 644 3505 talent
669 3456 727 3505 de
748 3458 799 3505 la
821 3458 985 3520 parole
1007 3471 1100 3520 qne
1132 3471 1220 3520 par
1241 3456 1351 3505 leur
1376 3455 1614 3520 profunde
1639 3457 1987 3506 connaissance
2005 3455 2089 3503 des
2110 3455 2278 3504 lettres

422 3558 654 3608 grecques
683 3553 731 3596 et
765 3547 967 3614 latines;
999 3544 1314 3608 Rusticellus,
1338 3543 1400 3594 de
1429 3544 1665 3609 Bologne,
1683 3546 1806 3620 qui.
1823 3541 1978 3593 tenait
2004 3543 2064 3592 de
2096 3543 2279 3593 l’exer-
