2592 4084
359 470 549 511 tantum
571 462 892 522 argutiarum,

361 538 552 577 tantum
573 529 920 592 exemplorum,

293 650 296 653 ⁴
360 603 552 644 tantum
572 596 881 654 urbanitatis,

361 671 417 709 ut
437 661 692 709 videantur
711 677 846 724 paene

362 730 556 790 scriptae
577 742 678 775 esse
700 729 829 789 stylo
848 727 1030 777 Attico.

361 794 637 842 Transtulit
663 794 853 842 easdem
882 795 1100 858 argutias

361 861 410 908 in
439 860 719 923 tragoedias,

360 928 480 974 natis
498 937 638 975 acute
659 927 742 974 ille
764 925 977 988 quidem,

359 992 441 1040 sed
471 1009 641 1055 parurn
665 994 867 1057 tragice.

361 1061 514 1107 Poeta
536 1060 593 1107 L.
621 1059 855 1107 Afranius

362 1126 479 1173 hom
486 1142 513 1173 o
523 1133 830 1189 perargutus,

358 1193 569 1240 disertus
589 1188 755 1248 etiarn,
805 1200 860 1240 ut
879 1192 1031 1253 scitia,

359 1260 413 1306 in
440 1258 620 1305 fabulis
645 1259 860 1321 quidem,

359 1323 587 1373 studebat
608 1324 790 1374 imitari
814 1338 975 1387 quem.

359 1391 419 1452 Q.
462 1391 679 1439 Rubrius
697 1390 881 1450 Varro,

359 1458 447 1518 qui
467 1458 718 1519 judicatus
741 1464 816 1507 est
848 1457 1002 1507 hostis

358 1539 475 1572 cum
499 1524 554 1572 Ο.
579 1525 736 1572 Mario

358 1605 389 1638 a
420 1599 610 1652 senatu,

361 1656 460 1705 fuit
481 1657 628 1705 etiam
653 1663 908 1706 accusator

361 1737 474 1771 acer
496 1730 544 1770 et
562 1722 838 1772 vehemens.

359 1789 434 1837 Μ.
458 1789 730 1845 Gratidius,

360 1871 481 1903 sane
503 1856 770 1918 probabilia

362 1921 417 1969 in
440 1936 496 1969 eo
515 1936 709 1983 genere,

365 1987 539 2034 doetus
562 1995 725 2035 autem

362 2053 545 2100 litteris
567 2052 770 2112 Graeeis,

363 2126 531 2166 noster
552 2120 844 2182 popinquus,

360 2184 527 2232 faetus
547 2184 608 2231 ad
635 2184 908 2243 dicendum,

360 2251 710 2313 perfamiliaris
741 2252 808 2301 M.
837 2248 1058 2311 Antonii,

361 2332 423 2366 eu
422 2317 508 2380 jus
531 2332 683 2379 quum
707 2326 830 2367 esset
848 2314 1103 2381 praefectus

357 2384 412 2432 in
436 2383 627 2441 Cilicia,

359 2450 648 2498 interfectus
670 2457 769 2504 est:

357 2517 446 2578 qui
466 2518 714 2565 accusavit·
733 2517 787 2565 C.
812 2515 1097 2573 Fimbriam,

356 2593 496 2646 pater
536 2583 606 2630 M.
629 2584 773 2631 Marii
796 2582 1093 2632 Gratidiani.

423 2649 603 2698 XLVI.
629 2653 788 2711 Atque
806 2652 951 2697 etiam

356 2716 489 2779 apud
508 2716 660 2763 socios
678 2728 725 2762 et
744 2717 961 2775 Latinos,

356 2782 515 2829 habiti
549 2792 664 2828 sunt
686 2792 901 2830 oratores

355 2848 416 2908 Q.
444 2847 642 2895 Vettius
663 2848 943 2910 Vettianu8‚

355 2930 382 2962 e
405 2914 605 2969 Marsis,

355 2994 507 3043 quem
531 2981 631 3043 ipse
651 2983 876 3045 cognovi,

354 3048 434 3094 vir
457 3046 688 3109 prudens,

353 3118 404 3160 et
423 3112 588 3161 brevis
607 3113 658 3159 in
687 3111 889 3161 dicendo
916 3130 929 3171 ς

354 3178 416 3239 Q.
447 3185 498 3227 et
517 3178 582 3225 D.
606 3178 796 3228 Valerii
819 3178 1009 3241 Sorani,

352 3246 454 3293 mei
475 3245 624 3292 vieini
650 3253 697 3293 et.
715 3244 1000 3307 familiares,

352 3325 458 3360 non
483 3317 583 3359 tam
605 3311 915 3362 admirabiles

352 3377 410 3425 in
433 3376 654 3435 dicendo,

356 3457 511 3504 quam
533 3443 661 3491 docti

353 3509 536 3557 litteris
554 3520 600 3557 et
618 3510 802 3559 Graecis
814 3517 861 3557 et.
875 3509 1089 3568 Latinis;

1152 344 1415 391 Bnurus.
1487 353 1488 356 ¹
2101 334 2206 390 179

1154 467 1262 508 tant
1285 460 1341 506 de
1361 460 1776 521 traits-piquante,

1156 534 1263 575 tant
1280 527 1587 587 d'exemples,

1157 601 1263 642 tant
1289 592 1582 651 d’urbanite,

1157 660 1304 722 qu’ils
1328 660 1602 721 paraissent
1624 674 1822 722 presque

1155 728 1255 774 atre
1271 727 1419 773 ecrite
1442 724 1561 772 dans
1577 726 1622 773 le
1644 727 1769 787 style
1786 727 2000 791 Attique.

1155 791 1200 841 Il
1216 808 1247 840 a
1264 792 1538 854 transporte
1555 792 1603 838 la
1623 795 1775 840 meme
1796 794 1963 843 finesse

1159 860 1280 905 dans
1302 874 1367 905 see
1389 858 1645 919 tragedieS‚

1159 940 1295 974 assez
1324 926 1731 987 spirituellement
1751 925 1823 972 lui
1843 926 1914 976 du
1932 930 2105 988 moins,

1158 992 1283 1039 mais
1308 994 1443 1038 d’une
1465 994 1598 1051 sapon
1622 1006 1716 1053 peu
1740 994 1976 1056 tragique.

1157 1058 1226 1106 L'e
1246 1064 1381 1121 po'e‘te
1403 1059 1458 1107 L.
1490 1059 1743 1116 Afranius,

1158 1123 1355 1172 homme
1378 1124 1746 1186 fort-spirituel,

1158 1191 1384 1253 eloquent
1404 1194 1577 1248 meme,
1605 1206 1793 1240 comme
1812 1208 1934 1242 vous
1956 1199 1996 1243 le
2021 1211 2182 1257 aava,

1159 1256 1280 1304 dans
1306 1274 1371 1304 ees
1391 1260 1547 1321 piecee
1566 1257 1840 1314 ‹lu-moins,

1160 1323 1422 1384 s’efl'oreait
1442 1323 1654 1372 d’imiter
1672 1326 1893 1374 celui-ei.

1160 1388 1221 1449 Q.
1247 1390 1463 1437 Rubrius
1482 1389 1695 1450 Vari-on,

1160 1457 1243 1517 qui
1268 1455 1346 1503 fut.
1370 1456 1557 1504 declat-e
1575 1457 1953 1521 ennemi·pub1ic

1160 1536 1276 1571 aveo
1300 1521 1354 1571 C.
1383 1523 1569 1571 Marius

1162 1603 1249 1650 par
1282 1589 1329 1636 le
1351 1592 1506 1646 senat,

1161 1653 1238 1701 fut
1261 1657 1391 1702 aussi
1415 1671 1480 1702 un
1508 1663 1789 1706 aecusateur

1161 1722 1335 1769 ardent
1351 1729 1399 1769 et
1416 1723 1687 1785 passionne.

1159 1786 1230 1834 M.
1258 1788 1529 1844 Gratidium

1160 1860 1231 1918 fut
1248 1858 1547 1903 assurement
1568 1856 1819 1904 estimable

1161 1920 1282 1968 dans
1303 1936 1357 1968 ee
1379 1937 1543 1984 genre,

1158 1986 1359 2035 instruit
1384 1987 1713 2051 d’autre-part

1163 2051 1284 2099 dans
1308 2053 1376 2101 les
1398 2054 1563 2102 lettres
1585 2069 1837 2120 greeques,

1160 2129 1299 2166 notre
1322 2131 1512 2182 parent,

1160 2185 1222 2231 ne
1241 2201 1364 2247 pour
1382 2187 1430 2234 la
1451 2188 1633 2249 parole,

1160 2252 1459 2299 ami-intime
1478 2253 1534 2300 de
1552 2254 1620 2300 M.
1649 2253 1879 2311 Antoine,

1161 2316 1281 2364 dont
1301 2318 1524 2380 lorsqu'il
1541 2319 1659 2367 etait
1681 2319 1949 2370 lieutenant

1161 2397 1221 2430 en
1245 2383 1430 2442 cilicie,

1159 2449 1198 2496 il
1218 2449 1294 2497 fut
1317 2453 1398 2497 tue
1418 2468 1433 2503 ς

1158 2517 1357 2564 celui-ci
1384 2531 1558 2565 accusa
1576 2517 1632 2567 C.
1648 2518 1882 2573 Fimbria,

1153 2590 1196 2628 et
1213 2584 1287 2641 fut
1312 2585 1425 2642 pere
1463 2583 1522 2630 de
1562 2583 1634 2631 M.
1657 2584 1844 2633 Marius
1870 2584 2204 2636 Gratidianus.

1215 2648 1393 2697 XLVI.
1428 2650 1490 2698 Et
1507 2654 1660 2699 meme

1154 2714 1269 2764 chez
1288 2716 1359 2762 les
1389 2717 1527 2763 allies
1549 2725 1598 2763 et
1619 2719 1689 2764 les
1710 2714 1898 2773 Latina,

1154 2789 1242 2829 ont
1260 2782 1335 2828 ete'
1353 2783 1787 2843 regardes-eomme
1819 2789 2039 2831 orateur-s

1156 2846 1214 2906 Q.
1228 2847 1423 2897 Vettius
1439 2847 1718 2908 Vettianus,

1156 2913 1222 2961 du
1245 2914 1716 2977 pays-des-Marsea,

1155 2995 1246 3042 que
1263 2981 1354 3043 j’ai
1377 2980 1666 3032 moi-meme
1689 2998 1869 3048 eonnu,

1153 3044 1346 3095 homme
1373 3049 1575 3107 eelaire,

1153 3121 1201 3161 et
1215 3114 1369 3175 precis
1394 3129 1453 3162 en
1476 3116 1696 3175 parlant3

1155 3180 1214 3240 Q.
1255 3187 1303 3227 et
1322 3180 1385 3228 D.
1407 3180 1635 3229 Valerius
1654 3181 1883 3243 Soranum

1153 3262 1253 3293 mes
1278 3246 1458 3294 voisins
1478 3256 1526 3295 et
1548 3249 1688 3304 amis,

1150 3328 1249 3361 non
1269 3320 1440 3361 autaut
1461 3314 1754 3363 admirables

1151 3395 1209 3425 en
1229 3380 1440 3441 parlant,

1152 3459 1243 3505 que
1268 3447 1490 3493 instruite

1152 3510 1269 3558 dont
1304 3513 1371 3559 lea
1389 3513 1556 3561 lettres
1580 3519 1629 3561 et
1645 3526 1881 3576 greoques
1903 3519 1951 3561 et
1969 3511 2166 3575 latines;
