2592 4084
393 368 509 423 346
1188 371 1433 418 murus

396 494 569 566 εἴρωνα
591 506 699 562 me,
728 505 798 547 ne
824 490 873 546 si
898 488 1190 546 Africanus
1205 488 1436 563 quidem
1456 487 1561 544 fuit
1585 488 1671 558 (ut
1694 486 1776 545 ait
1799 486 1858 543 in
1884 486 2117 545 historin
2141 505 2246 545 sua

395 587 458 643 C.
486 583 782 655 Fannius),
816 582 1119 639 existimari
1145 582 1339 640 velim.
1370 612 1439 623 —
1474 584 1548 639 Ut
1581 581 1760 648 voles,
1793 579 1976 653 inquit
2010 580 2240 637 Atticus..

393 680 510 751 Ego
538 676 686 734 enim
720 691 829 733 non
858 674 1101 731 alienum
1138 689 1172 731 a
1197 680 1254 732 te
1281 674 1581 748 putabam,
1618 673 1770 747 quod
1804 679 1863 730 et
1895 674 1955 729 in
1991 672 2245 729 Africano

394 769 592 827 fnisset
609 811 624 839 ,
657 773 714 826 et
739 770 797 824 in
826 769 1070 826 Socrate.
1100 798 1172 810 —
1198 770 1340 825 Tum
1370 770 1596 839 Brutus,
1624 769 1705 823 De
1741 765 1848 824 isto
1871 771 2108 839 postea3
2147 765 2248 823 sed

395 870 456 920 tu
485 861 730 936 (inquit,
767 876 857 917 me
889 860 1135 931 intuens)
1166 860 1444 917 orationes
1469 857 1630 915 nobis
1661 865 1882 916 veteres
1907 857 2249 930 explicabis?

398 987 468 999 —
499 958 673 1028 Vero,
715 955 973 1027 inquam,
1005 957 1199 1026 Brute;
1244 953 1345 1010 sed
1386 953 1444 1009 in
1480 953 1760 1022 Cumano,
1800 955 1899 1006 aut
1935 950 1994 1005 in
2035 952 2250 1007 Tuscu-

398 1049 548 1121 lano,
579 1048 900 1121 aliquando,
933 1047 981 1103 si
1012 1046 1177 1104 modo
1207 1045 1427 1119 licebit3
1465 1044 1729 1119 quoniam
1753 1048 1991 1116 utroque
2032 1043 2091 1099 in
2128 1042 2250 1102 loco

399 1140 567 1200 vicini
598 1156 810 1197 sumus

472 1235 800 1292 LXXXVIII.
834 1231 943 1289 Sed
967 1231 1084 1305 jam
1112 1229 1184 1288 ad
1216 1229 1303 1302 id,
1340 1231 1490 1289 unde
1523 1230 1774 1303 degressi
1805 1246 2023 1302 sumuS,
2060 1244 2254 1286 rever-

403 1333 604 1384 tamur.
642 1323 969 1381 Hortensius
998 1322 1170 1394 igitur
1201 1338 1373 1396 quum
1401 1321 1705 1379 admodum
1734 1320 2061 1378 adolescens
2091 1336 2256 1378 orsus

406 1421 555 1475 esset
589 1415 649 1471 in
682 1415 803 1471 foro
831 1413 1015 1471 dicere
1036 1454 1052 1484 ‚
1095 1412 1354 1470 celeriter
1388 1412 1462 1471 ad
1497 1411 1737 1485 majores
1770 1428 1967 1469 causas
2000 1411 2258 1469 adhiberi

405 1513 615 1579 coeptus
636 1516 739 1564 est.
761 1508 1089 1579 Quanquam
1111 1505 1384 1562 inciderat
1402 1504 1462 1561 in
1478 1506 1651 1563 Cottae
1679 1511 1737 1561 et
1757 1504 1988 1576 Sulpicii
2011 1510 2254 1575 aetatem,

362 1602 371 1611 '
406 1601 503 1673 qui
532 1600 691 1656 annis
717 1598 910 1656 decem
938 1598 1195 1671 majores,
1222 1598 1526 1656 excellente
1553 1602 1674 1653 tum
1700 1598 1899 1655 Crasso
1924 1602 1982 1654 et
1997 1596 2257 1665 Autome,

410 1692 613 1752 deinde
655 1691 908 1764 Philippo
929 1734 945 1764 ,
987 1698 1113 1764 post
1149 1691 1326 1763 sulio,
1369 1706 1498 1748 cum
1538 1690 1609 1747 iis
1642 1690 1780 1763 ipsis
1817 1689 2042 1747 dicendi
2080 1689 2260 1762 gloria

410 1784 854 1858 comparabatur.
899 1783 1147 1840 Primum
1188 1783 1463 1840 memoria
1499 1788 1653 1839 tanta
1675 1825 1689 1852 ,
1736 1788 2002 1856 quantam
2043 1782 2101 1838 in
2145 1780 2260 1838 ullo

411 1879 736 1952 cognovisse
763 1894 853 1935 me
880 1877 1139 1949 arbitror,
1163 1883 1256 1948 ut,
1291 1894 1416 1951 quae
1439 1894 1629 1935 secum
1652 1883 2061 1935 commentatus
2083 1880 2259 1947 esset,

414 2111 452 2162 il
474 2126 535 2160 en
569 2115 643 2159 eet
667 2123 762 2174 pen
796 2107 882 2171 qui
911 2107 1081 2158 l’aient
1112 2107 1336 2156 obtenue.
1363 2107 1534 2159 Cesset
1557 2107 1682 2157 donc
1709 2106 1769 2157 de
1801 2108 1960 2159 croire
1989 2124 2084 2174 que
2106 2110 2158 2175 je
2186 2109 2265 2159 die

417 2198 499 2248 des
528 2195 916 2257 contre-vetites,
945 2195 1036 2245 dot
1056 2194 1252 2259 Scipion
1274 2195 1451 2246 l'evoir
1471 2197 1586 2259 fait,
1614 2211 1801 2247 comme
1826 2197 1875 2248 le
1898 2198 2098 2263 pretend
2120 2198 2270 2248 Phie-

416 2287 575 2336 torien
599 2285 837 2335 Fanniae.
853 2283 1134 2335 -Comme
1148 2297 1271 2333 vous
1289 2283 1528 2343 vendi-ez,
1550 2283 1841 2349 repondit-il
1858 2300 1874 2333 ε
1899 2293 2051 2348 quent
2076 2287 2108 2333 n
2131 2285 2261 2347 moi,

412 2374 467 2440 je
496 2389 559 2424 ne
591 2388 715 2424 vous
745 2374 938 2438 croyeie
966 2388 1054 2437 pne
1086 2372 1465 2439 d’eloignement
1494 2388 1619 2438 pour
1645 2387 1743 2423 nne
1772 2372 1928 2439 figure
1956 2373 2125 2437 qu’ont
2151 2388 2265 2424 em-

419 2464 595 2527 ployee
621 2461 817 2526 Scipion
852 2466 902 2512 et
926 2461 1139 2512 Socrate.
1167 2488 1234 2500 —
1263 2462 1381 2512 Plu·
1405 2461 1512 2512 tau-d
1527 2498 1542 2525 ,
1570 2461 1645 2511 dit
1673 2462 1874 2520 Brutus,
1898 2477 2021 2511 none
2048 2462 2271 2514 dieente-

420 2567 538 2602 rons
568 2566 622 2601 ce
648 2552 811 2616 point3
836 2565 960 2616 pour
988 2564 1107 2601 vous
1132 2549 1440 2614 (ejecte-t—il
1465 2564 1526 2600 en
1555 2564 1633 2599 me
1653 2550 1958 2614 regnu-dent),
1986 2564 2111 2601 vous
2140 2566 2273 2602 noue

422 2640 730 2704 expliquerez
750 2639 824 2687 les
843 2638 1064 2688 discours
1081 2639 1167 2702 qni
1186 2643 1368 2686 restent
1388 2636 1471 2687 dee
1492 2635 1727 2687 enciens?
1746 2665 1813 2676 —
1827 2638 2127 2700 volentiam,
2148 2639 2275 2690 Bru·

423 2735 532 2783 tnsz
561 2726 686 2775 mnis
713 2727 745 2773 fi
762 2726 938 2774 Cnmee
959 2740 1025 2774 ou
1056 2727 1087 2773 δ
1108 2725 1378 2773 Tusculum
1393 2761 1407 2784 ,
1432 2740 1500 2773 nn
1521 2726 1640 2789 jonr
1657 2740 1751 2790 que
1777 2741 1906 2775 none
1934 2742 1997 2776 en
2023 2742 2205 2779 aaron:
2229 2729 2277 2779 le

423 2816 580 2874 Inicit,
602 2816 806 2879 puieque
827 2828 952 2863 nous
973 2829 1180 2863 somme·
1195 2815 1382 2862 voisine
1395 2813 1520 2863 dens
1537 2828 1617 2864 ces
1638 2814 1769 2864 deux
1789 2830 2107 2881 campagnes.

491 2901 811 2954 Lxxxvm.
836 2901 1089 2950 Revenons
1111 2901 1419 2951 maintenent
1446 2905 1476 2951 e
1497 2914 1636 2952 notre
1658 2904 1804 2968 snjet.
1828 2903 2120 2954 Hortensius
2139 2918 2277 2954 com·

425 3004 598 3052 menet
617 2989 677 3038 de
700 2987 976 3037 tres-bonne
993 2987 1143 3037 heure
1164 2989 1195 3036 δ
1217 2989 1376 3052 parler
1395 3005 1460 3040 au
1475 2991 1707 3053 barrem,
1719 2999 1769 3040 et
1791 2991 1871 3040 fut
1889 2991 2081 3043 bientct
2095 2991 2278 3058 charge

429 3076 512 3125 dee
540 3075 650 3138 plue
677 3073 889 3140 grandes
916 3087 1104 3123 censes.
1139 3075 1214 3124 En
1242 3084 1441 3126 enti-ant
1472 3076 1597 3127 dens
1625 3078 1676 3127 la
1706 3079 1945 3134 carr-iere,
1981 3080 2019 3127 il
2048 3094 2082 3142 y
2102 3085 2281 3129 trouve

428 3165 571 3215 Cotta
590 3170 637 3213 et
656 3162 917 3226 Sulpicius.
944 3162 1055 3227 plus
1076 3165 1193 3229 agee
1213 3179 1308 3228 que
1330 3166 1404 3215 lui
1425 3165 1486 3215 de
1508 3166 1592 3215 dix
1616 3181 1726 3227 nne,
1747 3167 1954 3217 Crassus
1973 3175 2023 3217 et
2041 3168 2279 3228 Antoine,

430 3254 516 3315 qni
545 3250 793 3301 brillaient
814 3250 873 3300 de
903 3257 1038 3302 toute
1067 3252 1175 3304 leur
1197 3254 1379 3319 gleire,
1414 3256 1527 3320 puis
1557 3255 1806 3321 Philippo,
1840 3257 1975 3308 enfin
2003 3257 2204 3316 Julian
2236 3264 2286 3310 et

432 3355 521 3389 eon
543 3340 699 3389 taient
721 3339 908 3389 eontint
933 3339 1216 3404 dignement
1240 3343 1287 3391 le
1308 3343 1542 3406 parellele
1568 3356 1685 3394 avec
1714 3358 1795 3394 ces
1824 3343 2011 3409 grand·
2037 3354 2283 3399 ornum.

432 3426 478 3476 11
499 3427 629 3475 avait
652 3442 749 3478 nne
770 3427 1004 3477 memoire
1034 3430 1066 3476 b
1080 3428 1294 3493 laquelle
1320 3430 1374 3494 je
1406 3443 1468 3479 ne
1491 3430 1621 3480 crois
1641 3445 1731 3495 pte
1751 3445 1847 3494 qne
1867 3432 2004 3481 nulle
2035 3440 2178 3484 entre
2214 3436 2286 3485 eit

436 3513 512 3559 ete
542 3515 869 3578 compti-able.
906 3515 1031 3567 Sane
1062 3518 1168 3566 rien
1199 3517 1353 3567 ecrite
1366 3551 1380 3577 ,
1416 3517 1455 3568 il
1488 3519 1761 3569 retrouveit
1789 3533 1866 3570 eee
1893 3519 2027 3569 ideee
2059 3520 2185 3573 dens
2213 3522 2288 3573 leo
