2592 4084
421 358 507 414 38»
1208 366 1483 414 neurus·

418 499 530 557 qua
553 483 913 555 perfunderet
936 481 1172 552 animes,
1209 497 1324 537 non
1359 496 1472 554 qua
1506 480 1912 553 perfringeret:
1953 487 2171 537 tantum
2205 488 2272 537 ut

414 577 743 632 memoriam
760 574 1144 632 concinnitatis
1162 590 1300 645 suae,
1324 590 1434 629 non
1448 573 1941 646 (quemadmodum
1962 575 2029 630 de
2053 573 2269 630 Pericle

415 669 636 742 scripsit
657 668 906 742 Eupolis)
929 684 1054 724 cum
1086 668 1454 725 delectatione
1473 667 1704 724 aculeos
1732 670 1902 725 etiam
1925 669 2271 741 relinqueret

416 761 473 817 in
500 761 700 818 animis
729 776 953 828 eorum‚·
976 776 1010 817 a
1034 760 1237 834 quibus
1259 766 1410 816 esset
1437 760 1681 816 auditus.

483 857 553 913 X.
582 855 819 910 Videsne
852 854 1042 926 igitur,
1079 854 1137 909 in
1167 869 1233 908 ea
1252 852 1377 925 ipsa
1401 851 1560 924 urbe,
1596 852 1654 906 in
1679 868 1791 924 qua
1819 858 1876 907 et
1897 858 2048 924 nata,
2074 857 2133 908 et
2157 851 2272 908 alta

415 948 489 1004 sit
520 948 853 1022 eloquentia,
895 965 1062 1023 quam
1092 965 1160 1006 ea
1187 965 1315 1005 sero
1341 947 1617 1020 prodierit
1641 946 1698 1002 in
1731 946 1959 1003 lucem?
1991 947 2272 1019 siquidem

415 1043 545 1094 ante
573 1039 790 1096 Solonis
815 1044 1035 1096 aetatem
1075 1045 1131 1095 et
1165 1039 1466 1111 Pisistrati,
1501 1039 1569 1093 de
1590 1036 1765 1109 nu110,
1795 1043 1857 1093 ut
1883 1038 2108 1107 diserte,
2146 1054 2270 1092 me-

412 1131 603 1187 moriae
629 1132 910 1204 proditum
940 1138 1041 1187 est.
1074 1135 1143 1187 At
1176 1131 1238 1186 hi
1275 1130 1523 1203 quidem,
1562 1136 1627 1186 ut
1654 1129 1845 1202 populi
1882 1129 2097 1184 romani
2133 1134 2271 1184 aetas

414 1228 514 1294 est,
539 1240 729 1295 senes;
751 1229 814 1279 ut
835 1223 1256 1280 Atheniensium
1272 1222 1463 1278 secula
1479 1229 1863 1291 numerantur,
1888 1221 2272 1293 adolescentes

412 1315 614 1373 debent
636 1317 840 1376 videri.
869 1319 1013 1373 Nam
1038 1317 1144 1373 etsi
1178 1317 1378 1374 Servio
1416 1315 1598 1372 Tullio
1634 1320 1901 1387 regnante
1943 1315 2266 1386 viguerunt,

410 1415 598 1466 tamen
623 1409 801 1465 multo
834 1408 1046 1465 diutius
1076 1409 1306 1465 Athenae
1338 1409 1457 1481 jam
1486 1415 1665 1479 erant,
1692 1424 1859 1481 quam
1883 1413 1972 1464 estt
1995 1411 2173 1464 Roma
2195 1409 2271 1464 ad

411 1498 744 1558 hodiernum
767 1500 938 1558 diem.
966 1505 1083 1561 Nec
1105 1509 1294 1560 tamen
1319 1503 1530 1576 dubito,
1562 1504 1697 1576 quin
1726 1502 1989 1559 habuerit
2009 1503 2124 1561 vim
2148 1519 2268 1559 ma-

411 1607 583 1663 gnam
619 1609 841 1665 semper
875 1595 1071 1651 oratio.
1110 1597 1306 1668 Neque
1346 1596 1496 1652 enim
1523 1595 1642 1668 jam
1672 1596 1881 1652 Troicis
1923 1594 2272 1666 temporibus

410 1688 628 1740 tantum
674 1684 856 1741 laudis
907 1686 965 1741 in
1015 1687 1252 1743 dicendo
1304 1688 1488 1761 Ulyssi
1531 1689 1818 1745 tribuisset
1861 1691 2163 1756 HomeruS,
2214 1694 2272 1745 et

410 1776 628 1832 Nestori
651 1779 909 1850 (quorum
932 1779 1170 1835 alterum
1194 1780 1309 1836 vim
1342 1780 1549 1839 habere
1577 1781 1775 1853 voluit,
1807 1782 2049 1838 alterum
2077 1782 2269 1838 suavi-

410 1873 626 1944 tatem),
664 1872 771 1928 nisi
808 1872 928 1945 J'am
958 1878 1082 1928 tum
1123 1879 1272 1930 esset
1301 1873 1478 1930 honos
1517 1874 1879 1948 eloquentiae3
1919 1892 2102 1947 neque
2145 1874 2266 1947 ipse

410 2098 535 2146 mais
557 2098 704 2146 d’une
732 2097 949 2145 douceur
985 2099 1071 2161 qui
1105 2100 1345 2161 penetruit
1376 2100 1446 2148 les
1474 2102 1607 2148 ames
1640 2116 1754 2149 sans
1787 2102 1859 2153 les
1885 2103 2159 2150 emouvoir.
2187 2102 2270 2154 On.

409 2190 606 2256 gurdsit
633 2191 680 2238 18
707 2190 936 2238 souveuir
963 2188 1022 2238 de
1055 2206 1111 2238 ss.
1147 2191 1331 2240 diction
1365 2193 1735 2259 bumonieuse3
1771 2195 1898 2244 mais
1931 2197 1971 2243 il
2014 2210 2077 2244 ne
2109 2198 2271 2247 seruit

409 2295 513 2343 pas,
544 2296 732 2329 comme
757 2282 963 2345 Eupolis
984 2284 1032 2330 le
1057 2294 1285 2347 rapporte
1317 2285 1375 2334 de
1393 2286 1618 2349 Pericles,
1641 2288 1814 2337 laisser
1832 2288 2120 2352 l'signillon
2142 2303 2266 2338 avec

410 2376 456 2424 le
477 2377 739 2425 sentiment
763 2377 832 2429 du
858 2379 1030 2440 plaisir
1056 2379 1180 2428 dans
1208 2382 1358 2430 l’ssme
1389 2382 1451 2430 de
1487 2398 1562 2431 ses
1598 2382 1867 2433 auditeurs.

473 2469 540 2519 X.
574 2470 711 2518 Vous
738 2471 785 2518 le
817 2486 966 2534 voyez
993 2488 1005 2517 ε
1050 2472 1101 2519 la
1138 2473 1257 2521 ville
1299 2480 1454 2523 meme
1489 2476 1575 2538 qui
1614 2477 1690 2525 fut
1719 2478 1766 2526 18
1797 2479 2002 2526 bercesu
2036 2478 2093 2526 de
2126 2479 2270 2527 l'eie-

410 2575 592 2623 quence
615 2576 676 2609 ne
714 2563 766 2610 18
787 2561 863 2610 vit
885 2567 1045 2612 naitre
1078 2580 1172 2627 que
1207 2565 1308 2613 fort
1340 2566 1465 2624 tard.
1498 2569 1718 2631 puisque‚
1758 2578 1907 2618 avant
1938 2569 1988 2618 18
2027 2572 2172 2619 siecle
2210 2573 2271 2624 de

411 2651 559 2702 Solon
583 2659 631 2701 et
672 2653 730 2701 de
764 2653 1037 2714 Pisistrato,
1077 2657 1319 2706 l'histoire
1354 2674 1418 2708 ne
1441 2660 1535 2708 fait
1566 2664 1784 2712 mention
1823 2664 2042 2714 d'aucun
2071 2665 2272 2717 homme

409 3036 568 3091 temps
593 3029 661 3077 du
686 3033 762 3080 roi
790 3032 987 3083 Servius
1004 3035 1230 3095 Tullium
1263 3040 1387 3088 mais
1410 3041 1493 3089 des
1515 3044 1616 3091 lors
1634 3041 1851 3093 Atheues
1878 3046 1998 3094 etait
2017 3048 2268 3112 beaucoup

409 3123 521 3186 plus
545 3125 779 3174 ancienne
806 3142 901 3191 que
923 3129 1072 3178 Rome
1092 3146 1159 3180 ne
1179 3132 1284 3181 l’est
1310 3135 1646 3197 aujourd’hui.
1674 3137 1926 3188 Toutefois
1942 3140 1997 3203 je
2022 3155 2086 3189 ne
2121 3141 2268 3189 doute

408 3230 498 3279 pas
517 3232 611 3279 que
633 3219 686 3266 18
713 3222 879 3283 parole
902 3223 1026 3271 n’ait
1044 3225 1263 3288 toujours
1282 3229 1450 3275 exerce
1472 3244 1541 3275 un
1560 3230 1784 3292 puissant
1799 3233 1999 3295 empire.
2040 3233 2111 3281 En
2133 3233 2262 3291 effet‚

409 3310 472 3370 si,
502 3311 585 3359 des
608 3312 655 3361 18
688 3319 843 3377 temps
872 3315 932 3364 de
964 3317 1014 3365 18
1036 3334 1211 3382 guerre
1234 3320 1291 3367 de
1322 3321 1485 3379 Trois,
1523 3321 1821 3385 l'eloquence
1853 3327 2041 3376 n'svsit
2072 3343 2158 3391 pss
2189 3328 2266 3379 ets

410 3415 472 3450 en
496 3401 737 3464 honneur,
760 3405 972 3458 Homere
996 3410 1279 3461 n’eleversit
1300 3428 1387 3475 pas
1414 3413 1457 3461 si
1477 3414 1598 3464 haut
1619 3416 1691 3463 les
1712 3415 1933 3466 discours
1964 3419 2193 3483 d’Ulysse
2218 3416 2267 3470 et

411 3495 469 3546 de
485 3498 679 3562 Nestor,
705 3506 943 3568 auxquels
961 3507 998 3555 il
1022 3505 1181 3556 donne
1204 3521 1329 3568 pour
1349 3510 1569 3570 attribut,
1595 3513 1626 3561 δ
1650 3511 1757 3562 l'un
1786 3516 1837 3562 18
1862 3514 2013 3576 force,
2035 3519 2066 3565 8
2086 3519 2267 3570 l’sutre
