2592 4084
326 469 542 518 scribere
556 467 799 516 orationes
816 465 943 526 aliis,

329 535 597 582 removisse
615 544 786 591 artem,

332 600 466 663 qnod
489 598 775 647 Theodorus

331 677 459 717 esset
479 666 707 714 subtilior
727 668 778 715 in
798 670 923 725 arte,

328 741 496 780 autem
512 732 726 794 jejunior

326 800 383 846 in
415 798 733 845 orationibus,

329 865 570 914 Similiter
587 864 851 912 Isocratem

327 932 588 993 negavisse
618 932 774 992 primo

320 1012 435 1044 esse
458 1006 608 1043 artem
648 995 868 1060 dicendi,

332 1073 497 1111 autem
517 1062 716 1109 solitum

328 1130 539 1177 scribere
569 1129 680 1177 aliis
705 1126 968 1184 orationes,

328 1194 507 1256 quibus
536 1201 787 1242 uterentur

331 1261 384 1308 in
407 1261 635 1321 judiciis;

329 1327 415 1375 sed
445 1342 595 1390 quum
614 1326 718 1389 ipse
749 1340 875 1387 saepe

334 1401 590 1441 vocaretur
615 1394 668 1440 in
694 1393 939 1455 judicium

329 1473 393 1506 ex
420 1474 479 1507 eo
1003 1469 1006 1472 ’

328 1526 466 1588 (quia
482 1525 622 1588 quasi
639 1527 961 1577 committeret

328 1599 505 1641 contra
535 1592 711 1655 legem,

333 1672 434 1718 quo
456 1658 565 1719 quis

332 1725 765 1773 circumveniretur
794 1722 1021 1786 judicio),

330 1790 572 1839 destitisse
598 1790 807 1838 scribere

331 1858 575 1904 orationes
596 1857 736 1918 aliis,

330 1936 478 1984 seque
508 1923 819 1969 transtulisse
849 1927 1008 1969 totum

326 1989 392 2035 ad
417 1995 544 2034 artes
567 1987 939 2049 componendas.

398 2053 540 2103 XIII.
580 2054 643 2100 Et
664 2054 797 2101 vides

329 2121 544 2170 Graeciae
578 2119 771 2181 quidem

328 2197 528 2249 partum
563 2192 810 2233 oratorum

329 2262 478 2314 atque
501 2251 679 2310 fontes,

330 2329 531 2372 veteres,
560 2317 623 2365 ad
645 2317 884 2367 rationem

331 2393 611 2433 nostrorum
642 2385 916 2443 annalium,

332 2465 448 2498 sane
484 2459 716 2510 recentes,

329 2517 397 2563 ad
421 2516 656 2579 ipsorum.

328 2582 458 2630 Nam
494 2594 753 2644 antequam

329 2649 503 2696 civitas
536 2648 909 2697 Atheniensium

333 2715 574 2763 delectata
602 2724 676 2765 est

330 2780 426 2827 hac
462 2781 605 2828 laude
642 2779 851 2837 dicendi,

328 2846 556 2894 effecerat
568 2848 674 2908 jam

329 2914 489 2961 multa
509 2914 848 2963 memorabilia

327 2987 377 3026 et
401 2980 454 3026 in
482 2980 627 3027 rebus
646 2980 942 3040 domesticis,

328 3054 377 3091 et
411 3047 464 3094 in
493 3046 701 3094 bellicis.

329 3112 437 3161 Hoc
470 3118 634 3162 autem
662 3112 879 3171 studium

328 3193 430 3225 non
453 3184 559 3226 erat
580 3193 837 3228 commune
848 3175 1069 3237 Graecioe,

329 3244 415 3290 sed
437 3245 687 3306 proprium
721 3245 942 3293 Athenis.

331 3311 452 3369 Quis
487 3311 619 3361 enim
652 3311 746 3380 39ss

330 3386 570 3429 oratorem
604 3384 691 3426 aut
721 3377 981 3443 Argivum,

330 3452 421 3490 aut
449 3444 781 3501 Corinthium,

326 3517 419 3558 aut
436 3509 723 3559 Thebmnm

624 3624 844 3666 namus

1133 350 1399 395 BRUTUS.
2057 380 2063 387 =·
2109 346 2187 401 49

1134 467 1164 512 a
1182 466 1334 517 &wire
1353 466 1443 517 des
1467 465 1689 518 discours
1710 483 1835 530 pem-
1855 470 1926 518 les
1946 477 2133 535 annes,

1134 541 1173 579 et
1200 533 1337 581 avoir
1355 534 1599 594 supprime
1620 533 1751 593 Part,

1132 612 1274 659 parce
1310 612 1402 660 que
1428 597 1681 650 ‘l'heodore

1130 665 1250 713 etait
1282 665 1395 726 plus
1414 665 1677 728 ingenieux
1699 667 1821 716 dans
1851 685 1907 717 so
1942 669 2183 730 methodo,

1131 732 1257 779 mais
1283 731 1393 792 plus
1407 746 1487 779 sec

1132 796 1254 844 dens
1276 813 1344 844 ses
1368 796 1603 845 discours.

1128 861 1204 911 De
1231 866 1394 910 mame
1410 863 1625 911 Isocrate

1130 930 1268 979 avoir
1286 931 1368 977 nie
1391 930 1595 979 d’abord

1131 995 1252 1057 qu’il
1271 1011 1306 1058 y
1329 996 1410 1042 eflt
1429 1011 1495 1042 un
1526 1004 1603 1043 art
1632 994 1690 1042 de
1710 997 1887 1058 parler,

1130 1061 1254 1109 mais
1295 1064 1767 1110 avoir-eu-coutume

1133 1127 1338 1177 d’ecrire
1362 1143 1483 1190 pour
1509 1128 1579 1177 les
1601 1137 1767 1177 autres
1791 1137 1873 1177 <tes
1899 1129 2134 1192 discours,

1131 1192 1250 1241 dont
1273 1193 1338 1241 ils
1361 1209 1412 1242 se
1430 1195 1715 1243 serviraient

1131 1259 1253 1308 dans
1278 1260 1350 1307 les
1367 1260 1662 1324 tribunanx;

1132 1328 1257 1373 mais
1275 1341 1464 1374 comme
1483 1327 1743 1375 lui-meme
1767 1335 1970 1377 souvent

1133 1394 1251 1440 etait
1273 1392 1367 1439 cite
1399 1408 1459 1440 en
1482 1393 1659 1455 justice

1130 1474 1220 1520 per
1238 1460 1368 1505 suite
1388 1458 1447 1505 de
1474 1459 1579 1506 cela

1135 1525 1295 1587 (parce
1315 1539 1407 1587 que
1433 1539 1494 1573 eu
1520 1525 1725 1587 quelque
1745 1538 1874 1575 sorte
1899 1529 1937 1577 il
1965 1529 2159 1590 pechait

1134 1599 1299 1639 contre
1322 1593 1372 1637 la
1399 1591 1481 1647 loi,

1133 1659 1267 1704 selon
1294 1671 1387 1717 que
1412 1657 1677 1720 quelqu’un

1131 1725 1279 1773 serait
1302 1725 1594 1773 circunvenu
1618 1725 1739 1774 dans
1760 1743 1844 1775 son
1863 1727 2156 1792 jugement),

1128 1792 1268 1838 avoir
1281 1791 1412 1837 cesse
1434 1789 1636 1840 d’ecrire

1133 1856 1215 1903 des
1251 1855 1471 1903 discours
1494 1871 1618 1919 pour
1640 1858 1711 1905 les
1745 1867 1924 1917 autres,

1134 1930 1181 1968 et
1207 1923 1348 1969 s’etre
1374 1924 1603 1970 consacre
1623 1932 1732 1972 tout
1754 1927 1913 1972 entier

1135 1990 1165 2034 a
1194 1988 1274 2034 des
1300 1988 1453 2049 regies
1469 1987 2037 2055 devant-etre-redigees.

1203 2053 1340 2103 XIII.
1380 2054 1443 2101 Et
1463 2064 1517 2101 tu
1543 2058 1648 2103 vois

1137 2134 1259 2183 pour
1279 2121 1331 2168 la
1357 2119 1507 2171 Grece
1531 2121 1596 2169 du
1618 2124 1775 2171 moins

1135 2186 1502 2234 l’enfantement
1534 2188 1617 2236 des
1646 2196 1864 2236 orateurs

1136 2258 1185 2298 et
1204 2254 1274 2299 les
1300 2267 1493 2300 sources
1523 2253 1602 2315 (de
1624 2255 1957 2317 l’eloquence),
2040 2262 2044 2267 '

1135 2320 1413 2374 anciennes‚
1446 2334 1532 2384 par
1564 2330 1765 2384 rapport

1136 2386 1166 2431 a
1188 2401 1276 2432 nos
1301 2386 1519 2444 annales,

1132 2454 1437 2498 assui-&ment
1459 2454 1674 2499 ¹recentes

1134 2532 1223 2579 par
1255 2522 1454 2579 rapport
1481 2533 1580 2567 auoe
1602 2522 1790 2567 annulos
1814 2518 2191 2569 &eux-memes.

1091 2643 1094 2646 ἢ
1135 2583 1227 2631 Car
1247 2592 1396 2630 avant
1417 2599 1515 2645 que

1134 2649 1184 2695 la
1206 2651 1493 2712 republique
1522 2650 1603 2697 des
1625 2650 1895 2698 Atheniens

1133 2715 1211 2762 ἴθι
1233 2717 1457 2765 charmes

1135 2781 1193 2828 de
1215 2789 1338 2829 cette
1361 2783 1517 2845 gleire
1545 2781 1603 2829 de
1631 2781 1681 2831 la
1709 2783 1890 2845 parole,

1130 2848 1225 2895 elle
1257 2853 1386 2896 avait
1410 2849 1500 2896 fait
1522 2847 1632 2910 deja

1133 2914 1247 2963 bien
1268 2915 1349 2963 des
1371 2916 1539 2963 choses
1559 2916 1879 2964 memorables

1136 2989 1183 3027 et
1214 2981 1336 3028 dans
1359 2981 1429 3028 les
1448 2980 1639 3028 affaires
1664 2981 1729 3029 du
1750 2981 1949 3040 dedans,

1135 3054 1183 3093 et
1206 3047 1331 3094 dans
1353 3048 1421 3093 les
1446 3049 1636 3107 affair-es
1667 3049 1724 3094 de
1746 3049 1794 3095 la
1821 3063 2012 3109 guerre.

1134 3113 1260 3161 Mais
1282 3128 1338 3161 ce
1369 3116 1491 3174 gont

1136 3181 1307 3227 n’etait
1323 3195 1410 3243 pas
1437 3194 1666 3228 commun
1690 3181 1721 3226 a
1747 3180 1797 3226 la
1821 3179 1992 3237 Grece,

1136 3247 1259 3292 mais
1282 3247 1566 3307 particulier
1587 3248 1615 3293 a
1638 3245 1872 3293 Atheues.

1135 3312 1232 3359 Car
1252 3314 1339 3375 qui
1373 3314 1469 3361 sait

1135 3393 1202 3425 un
1228 3386 1422 3426 orateur
1445 3394 1509 3426 ou
1537 3378 1740 3443 Argien,

1134 3459 1197 3490 ou
1217 3443 1520 3501 Corinthien,

1135 3525 1201 3557 ou
1224 3510 1444 3558 Thebain
