2592 4084
401 310 470 367 1ss
1194 305 1462 350 BRU'I'Us.

401 425 615 496 rebam,
649 431 730 496 ut,
760 425 1042 497 explicatis
1066 422 1353 479 ordinibus
1379 428 1711 495 temporum,
1740 439 1848 480 uno
1872 424 1931 480 in
1957 433 2257 497 conspectu

400 521 589 577 omnia
610 521 879 577 viderem.
913 523 1047 587 Quae
1075 534 1246 591 quum
1269 518 1516 574 studiose
1545 524 1784 576 tractare
1809 521 2113 593 coepissem,
2137 522 2258 591 ipsa

401 618 541 674 mihi
568 619 825 676 tractatio
852 618 1160 673 litterarum
1199 616 1459 673 salutaris
1492 616 1615 686 fuit,
1646 617 2061 691 admonuitque,
2095 622 2260 675 Pom-

401 716 554 786 poni,
604 721 667 771 ut
710 732 744 771 a
789 721 844 771 te
882 716 1000 787 ipso
1049 730 1330 771 sumerem
1380 712 1593 785 aliquid
1641 714 1710 768 ad
1749 730 1836 771 me
1874 714 2256 785 reficiendum,

401 818 570 883 teque
604 810 1093 880 remunerandum,
1121 810 1169 864 si
1199 825 1309 864 non
1331 808 1474 881 pari,
1507 814 1566 864 at
1589 814 1750 880 grato
1777 815 1965 866 tamen
1987 825 2215 865 munere
2236 827 2255 863 .-

399 921 721 978 quanquam
756 904 895 961 illud
924 905 1252 961 Hesiodium
1290 904 1550 960 laudatur
1589 921 1621 958 a
1658 904 1851 976 doctiS,
1885 905 2033 976 quod
2062 905 2258 961 eadem

401 1014 664 1055 mensura
703 998 938 1055 reddere
973 998 1152 1070 jubet,
1193 1014 1309 1068 qua
1347 998 1653 1071 acceperis,
1682 1005 1778 1054 aut
1809 998 1977 1055 etiam
2009 1001 2259 1056 cumula-

401 1094 569 1167 tiore,
600 1094 648 1150 si
674 1094 869 1166 possis,
896 1096 1013 1165 Ego
1034 1098 1220 1150 autem
1245 1094 1588 1150 voluntatem
1606 1093 1706 1149 tibi
1727 1095 1972 1166 profecto
1992 1097 2253 1153 emetiar:

401 1190 506 1247 sed
537 1207 660 1247 rem
684 1190 865 1262 ipsam
904 1189 1151 1246 nondum
1192 1207 1358 1262 posse
1384 1192 1609 1264 videor3
1638 1192 1804 1264 idque
1836 1204 1897 1247 ut
1923 1192 2198 1263 ignoscas,
2225 1208 2261 1249 a

401 1292 459 1344 te
485 1293 633 1359 peto.
660 1289 777 1343 Nec
801 1286 949 1344 enim
969 1303 1032 1342 ex
1054 1287 1209 1343 novis
1242 1289 1328 1356 (ut
1346 1287 1602 1359 agricolae
1626 1288 1828 1358 solent)
1852 1287 2122 1343 fructibus
2151 1296 2255 1360 est,

400 1382 552 1439 unde
584 1382 685 1439 tibi
713 1383 943 1440 reddam
969 1384 1116 1457 quod
1149 1385 1334 1455 accepi
1362 1400 1376 1453 ;
1422 1383 1502 1440 sic
1534 1385 1716 1440 omnis
1752 1384 1916 1441 foetus
1948 1401 2257 1457 repressae,

401 1486 743 1551 exustusque
782 1480 884 1536 flos
921 1481 1009 1535 siti
1049 1480 1257 1537 veteris
1296 1480 1567 1538 ubertatis
1609 1481 1864 1537 exaruit:
1898 1497 2000 1536 nec
2032 1497 2096 1537 ex
2126 1497 2258 1537 con·

401 1576 556 1647 ditis,
586 1578 681 1650 qui
708 1575 896 1648 jacent
929 1576 986 1632 in
1009 1577 1274 1644 tenebriS,
1307 1581 1364 1631 et
1390 1576 1462 1632 ad
1491 1591 1628 1648 quos
1662 1577 1839 1633 omnis
1865 1578 2024 1634 nohis
2050 1578 2256 1650 adituS,

399 1672 503 1745 qui
529 1689 687 1743 paene
711 1673 844 1729 solis
862 1673 1063 1746 patuit,
1091 1675 1409 1730 obstructus
1433 1680 1533 1730 est.
1562 1674 1823 1730 Seremus
1848 1674 2021 1746 igitur
2044 1674 2260 1748 aliquid

402 1779 671 1847 tanquam
716 1773 773 1829 in
824 1773 1029 1829 inculto
1068 1779 1124 1829 et
1168 1772 1430 1830 derelicto
1473 1772 1629 1845 solo;
1673 1774 1821 1847 quod
1856 1773 1933 1830 ita
1964 1774 2260 1846 diligenter

403 1969 518 2029 tais,
548 1967 607 2017 de
636 1969 739 2018 voit
760 1967 941 2016 l'ordre
965 1967 1045 2016 des
1072 1976 1226 2031 temps
1252 1968 1511 2034 developpe
1531 1971 1560 2019 a
1583 1984 1687 2019 mes
1709 1968 1927 2032 regards,
1970 1974 2019 2017 et
2047 1967 2105 2017 de
2130 1983 2257 2031 pon-

400 2063 512 2110 voir
536 2061 653 2110 d'nn
677 2075 802 2124 coup
826 2061 959 2110 d’oeil
990 2062 1260 2109 embrasser
1285 2070 1392 2112 tout
1422 2077 1476 2112 ce
1507 2063 1722 2111 tablean.
1766 2060 1988 2109 Pendant
2018 2075 2111 2123 que
2130 2061 2183 2123 je
2212 2063 2260 2110 le

404 2153 686 2215 parcourais
706 2165 822 2199 aveo
844 2151 1094 2212 curiosite‚
1120 2152 1170 2199 la
1193 2168 1286 2201 vue
1317 2158 1475 2202 meme
1510 2153 1570 2202 de
1605 2153 1859 2213 l’onvrage
1881 2152 1981 2199 m'a
2010 2152 2087 2199 ete
2122 2153 2261 2200 saln-

401 2246 557 2295 taire:
588 2246 681 2294 elle
703 2245 801 2294 m’a
826 2244 918 2294 fait
940 2259 1136 2308 songer,
1164 2246 1375 2306 AtticuS,
1402 2250 1433 2295 ὲ.
1460 2247 1579 2297 tirer
1601 2245 1659 2295 de
1681 2252 1819 2293 notre
1839 2243 2019 2291 liaison
2042 2258 2111 2290 nn
2129 2259 2259 2292 non-

403 2352 530 2385 veau
553 2351 732 2399 moyen
756 2336 814 2385 de
834 2337 1049 2385 ranimer
1072 2351 1186 2386 mon
1211 2353 1424 2403 com-age
1446 2354 1506 2386 en
1533 2352 1653 2386 vous
1674 2337 1928 2384 adressant
1955 2336 1986 2382 a
2006 2348 2123 2383 mon
2146 2342 2259 2384 tour

405 2444 477 2476 un
498 2429 708 2492 present,
732 2428 834 2490 qui,
852 2441 968 2476 sans
987 2428 1145 2477 valoir
1167 2429 1213 2477 le
1235 2433 1389 2487 von-e,
1414 2429 1612 2477 attentat
1623 2441 1689 2475 au
1701 2426 1862 2474 moins
1880 2439 1962 2473 rna
1979 2427 2260 2476 reconnais-

404 2534 566 2569 aanoe.
584 2519 675 2569 Les
698 2527 895 2568 savants
907 2521 1059 2568 citent
1072 2534 1187 2569 avec
1204 2522 1345 2585 eloge
1361 2521 1410 2568 la
1426 2520 1639 2568 maxime
1654 2517 1916 2566 d’Hesiode
1931 2552 1944 2574 ,
1963 2517 2046 2579 qni
2064 2532 2258 2566 reeom-

406 2613 586 2661 mande
613 2612 672 2660 de
702 2612 876 2661 rendre
898 2627 1092 2662 mesnre
1114 2628 1236 2675 pour
1255 2627 1465 2673 mesnre,
1487 2617 1535 2661 et
1558 2614 1713 2660 meme
1734 2611 1862 2674 plns,
1890 2613 1931 2658 si
1955 2625 2019 2660 on
2053 2610 2101 2658 le
2121 2617 2256 2673 peut.

405 2703 540 2754 Ponr
571 2705 622 2752 la
650 2704 811 2751 bonne
857 2704 1063 2766 volente,
1103 2705 1157 2767 je
1181 2718 1302 2752 vous
1335 2712 1545 2768 promets
1583 2704 1633 2751 la
1672 2717 1862 2751 mesnre
1896 2707 2007 2751 tout
2042 2702 2251 2761 entier03

405 2796 533 2843 mais
554 2810 679 2858 pour
699 2796 750 2843 la
773 2794 901 2843 detto
929 2796 1222 2853 elle-meme,
1246 2796 1297 2858 je
1320 2811 1382 2845 ne
1401 2798 1529 2846 crois
1551 2810 1638 2859 pas
1661 2795 1784 2857 qn’il
1817 2809 1894 2843 me
1926 2796 2020 2843 soit
2050 2795 2259 2858 possible

406 2886 467 2933 de
488 2886 763 2948 l’aequitter
782 2901 972 2942 encore,
1000 2893 1047 2934 et
1062 2887 1113 2949 je
1135 2902 1257 2935 vous
1280 2888 1384 2950 prie
1407 2887 1468 2936 de
1491 2902 1567 2936 mo
1584 2889 1631 2936 le
1653 2887 1947 2950 pardonner.
1967 2888 2028 2937 Je
2048 2901 2111 2936 ne
2126 2889 2251 2951 puis,

406 2992 598 3026 comme
619 2979 690 3026 les
711 2978 1015 3036 laboureurs,
1042 2994 1163 3027 vous
1192 2979 1367 3028 rendre
1393 2993 1447 3029 ce
1473 2994 1566 3043 que
1583 2979 1675 3043 j’ai
1703 2994 1819 3043 recu
1849 2979 1907 3027 de
1939 2995 2074 3037 vous,
2109 2979 2164 3027 ni
2196 2994 2259 3028 en

407 3071 556 3120 fruits
575 3084 864 3119 nouveanx=
888 3071 939 3134 je
962 3072 1064 3119 suis
1089 3071 1259 3135 frappe
1280 3072 1426 3121 d’une
1448 3073 1652 3121 sterilite
1683 3072 1897 3130 absolue,
1932 3080 1981 3121 et
2013 3087 2109 3120 nne
2132 3074 2260 3122 mal-

407 3162 644 3211 heureuse
667 3162 936 3211 secheresse
969 3180 1000 3212 a
1030 3163 1125 3212 tari
1158 3165 1230 3212 les
1260 3179 1459 3214 sources
1491 3163 1549 3211 de
1581 3178 1663 3212 rna
1695 3163 1962 3222 se'condite;
1997 3165 2049 3211 ni
2076 3178 2133 3211 en
2164 3177 2256 3211 an·

406 3255 605 3301 ciennes
634 3252 975 3316 productione:
1003 3255 1247 3314 celles-ci,
1280 3254 1478 3304 eachees
1511 3258 1541 3303 a
1567 3256 1619 3303 la
1649 3254 1872 3315 lumiere,
1910 3270 1973 3302 ne
2003 3262 2114 3301 sont
2147 3255 2257 3316 plus

404 3345 691 3394 accessibles
710 3348 865 3394 meme
885 3362 1009 3410 pour
1042 3349 1159 3403 moi,
1191 3357 1240 3396 et
1264 3348 1445 3410 jamais
1478 3348 1596 3396 elles
1626 3364 1689 3396 ne
1728 3348 1851 3396 l’ont
1880 3348 2029 3409 gnere
2053 3346 2128 3392 ete
2163 3360 2257 3406 qne

407 3451 531 3501 pour
575 3438 673 3486 moi
707 3439 829 3488 seul.
862 3439 924 3489 Je
956 3442 1159 3490 semerai
1185 3441 1313 3491 done
1343 3456 1530 3492 comme
1567 3457 1652 3490 sur
1687 3454 1784 3488 nne
1817 3447 1944 3487 terre
1986 3435 2171 3484 inculte
2207 3442 2257 3484 et
