2592 4084
1091 363 1095 367 .
1150 318 1415 363 BRUTUS.

357 451 533 500 genere
555 434 838 491 verborum3

359 503 587 565 prudens,
618 507 810 557 acutus,

359 570 561 616 minime
582 568 831 624 incautus,

365 643 601 696 patronus
627 632 834 694 diligens

360 702 414 748 in
439 700 599 747 causis
622 695 969 760 cognoscendis

363 764 822 827 componendisque,

361 832 534 894 magni
558 830 759 887 laboris,

362 901 533 945 multae
555 911 728 958 operae,

362 966 729 1022 multarumque
756 975 1036 1008 causarum.

364 1030 477 1078 Duo
504 1028 683 1076 Metelli
709 1029 873 1083 etiam,

364 1096 504 1144 Celer
531 1103 578 1142 et
605 1093 783 1155 Nepos,
929 1150 941 1162 ·

363 1162 540 1209 versati
563 1160 688 1207 nihil
709 1160 758 1205 in
789 1163 933 1206 caus!
943 1175 985 1215 s,

364 1244 454 1275 nec
476 1228 578 1275 sine
602 1225 816 1288 ingenio,

364 1310 455 1342 nec
479 1293 687 1348 indocti,

363 1359 571 1407 assecuti
593 1365 733 1404 erant

362 1426 457 1474 hoc
471 1440 623 1488 genus
639 1423 831 1470 dicendi
848 1422 1102 1486 populare.

366 1492 455 1541 Cn.
479 1499 640 1540 autem
666 1490 905 1537 Lentulus

365 1558 700 1612 Marcellinus,

367 1639 457 1671 nec
482 1638 700 1685 unquam
721 1620 1001 1677 indisertus,

364 1691 498 1737 visus
521 1697 592 1737 est
609 1694 656 1736 et
681 1688 990 1750 pereloquens

365 1757 419 1804 in
434 1756 711 1813 consulatu,

364 1838 462 1870 non
480 1821 651 1868 tardus
674 1817 945 1879 sententiis,

365 1904 466 1936 non
491 1888 631 1948 inops
657 1884 835 1942 verbis,

366 1968 484 2001 voce
519 1967 716 2007 canora,

369 2019 487 2065 satis
517 2018 718 2064 facetus.

369 2084 423 2132 C.
449 2084 724 2138 Memmius,
749 2081 807 2129 L.
835 2081 917 2143 F.,

368 2150 606 2212 perfectus
621 2149 811 2204 litteris,

370 2216 450 2262 sed
477 2215 687 2273 Graecisg

366 2282 646 2329 fastidiosus
665 2295 779 2328 saue

366 2348 650 2396 Latinarum
669 2365 682 2403 ς

366 2424 532 2462 orator
557 2420 784 2477 argutus,

364 2480 615 2543 dulcisque
638 2480 817 2541 verbis,

365 2546 449 2595 sed
473 2547 666 2610 fugiens
687 2548 904 2595 laborem

366 2628 462 2660 non
481 2612 623 2660 modo
644 2611 855 2670 dicendi,

364 2694 533 2726 verum
559 2680 704 2726 etiam
731 2677 1000 2744 cogitandi,

366 2745 580 2793 detraxit
602 2746 694 2792 sibi

366 2819 558 2859 tantum
583 2811 639 2861 de
667 2811 913 2870 facultate,

367 2886 605 2938 quantum
635 2877 889 2925 imminuit

365 2943 638 2991 industriae.
1006 2947 1100 3002 tus,

433 3009 610 3058 LXXI.
634 3035 700 3046 —
723 3007 830 3056 Hoc
855 3008 963 3057 loco
1027 3025 1104 3058 ru-

369 3074 527 3136 Quam
552 3075 743 3133 vellem,
775 3075 952 3136 inquit,

365 3142 554 3190 luberet
575 3141 665 3189 tibi
686 3140 842 3188 dicere

370 3207 428 3255 de
442 3208 503 3256 iis
519 3208 795 3256 oratoribus
803 3207 950 3255 etiam

372 3274 458 3335 qui
481 3285 596 3322 sunt
609 3274 750 3323 hodie
775 3272 789 3320 l

371 3339 454 3398 Et,
483 3341 526 3387 si
550 3342 713 3389 minus
735 3339 795 3387 de
816 3339 943 3401 aliis,

374 3405 591 3454 audirem
614 3414 776 3456 tamen

374 3485 475 3519 non
492 3473 651 3521 minus
676 3474 900 3523 lubenter

1154 448 1241 495 par
1266 433 1312 481 le
1336 433 1481 482 choix
1507 433 1589 482 des
1607 440 1767 492 mots;

1153 500 1345 556 comite,
1374 502 1639 561 penetrant,

1155 565 1471 628 pas-du-tout
1488 566 1781 629 impendent,

1157 638 1329 678 avocat
1347 633 1586 693 seigneux

1157 697 1279 744 dans
1299 699 1367 744 les
1390 712 1557 745 causes
1578 699 1859 748 a-instruire

1156 771 1205 810 et
1231 763 1540 825 a-ordonner,

1157 826 1273 875 d’un
1307 830 1465 893 grand
1493 831 1687 888 travail,

1160 895 1278 942 d’un
1307 896 1465 957 grand
1487 898 1605 951 zele,

1159 971 1206 1007 et
1228 962 1285 1008 de
1309 963 1555 1024 beaucoup
1578 963 1636 1010 de
1662 977 1844 1011 causes.

1162 1027 1253 1074 Les
1278 1028 1403 1074 deux
1442 1029 1664 1077 Metellus
1690 1031 1838 1083 aussi,

1162 1093 1296 1142 Celer
1325 1105 1367 1140 et
1384 1095 1556 1156 Nepos,

1163 1164 1322 1206 verses
1334 1174 1391 1206 en
1412 1163 1517 1208 rien
1545 1161 1665 1208 dans
1687 1161 1755 1208 les
1789 1174 1974 1215 causes,

1161 1227 1212 1272 ni
1239 1242 1352 1273 sans
1374 1228 1539 1283 talent,

1159 1292 1211 1338 ni
1247 1293 1518 1355 ignorants,

1159 1358 1353 1405 avaient
1385 1361 1556 1407 atteint

1159 1438 1212 1471 ce
1237 1438 1384 1483 genre
1406 1424 1713 1487 d’eloquence
1737 1426 2008 1488 populaire.

1159 1489 1284 1536 Mais
1303 1490 1392 1538 Cn.
1416 1491 1649 1538 Lentulus

1160 1555 1490 1613 Marcellinus,

2085 308 2200 364 2¹75

1160 1629 1207 1668 et
1230 1622 1287 1683 (il
1313 1637 1373 1669 ne
1393 1622 1488 1684 fut)
1507 1622 1686 1683 jamais
1725 1622 2202 1687 inhabile-a-parler,

1159 1697 1303 1749 parut
1327 1690 1458 1735 aussi
1489 1690 1839 1751 tres-eloquent

1162 1753 1281 1801 dans
1307 1769 1393 1801 son
1420 1755 1659 1812 consulat,

1158 1835 1255 1867 non
1280 1820 1383 1866 lent
1413 1819 1938 1879 atrouver-ses-idees,

1159 1886 1211 1932 ni
1231 1900 1408 1946 pauvre
1434 1886 1800 1948 d’expressions,

1160 1951 1305 1998 d'une
1335 1954 1446 1999 voix
1475 1968 1666 2012 sonore,

1159 2031 1292 2064 assez
1321 2019 1511 2080 enjoue.

1158 2082 1213 2132 C.
1238 2083 1511 2144 Memmius,
1536 2083 1616 2132 fils
1640 2084 1699 2133 de
1722 2085 1918 2144 Lucius,

1159 2153 1432 2197 consomme
1451 2150 1571 2198 dans
1599 2151 1650 2199 la
1670 2152 1958 2211 litterature,

1159 2216 1279 2262 mais
1301 2215 1420 2263 daus
1442 2218 1492 2264 la
1516 2232 1723 2280 grecque
1742 2235 1754 2264 ε

1159 2280 1463 2343 dedaigneux
1492 2285 1792 2346 a-coup-sssr

1160 2346 1405 2394 desisteres
1428 2349 1621 2407 latines3

1159 2423 1353 2461 orateur
1380 2414 1661 2476 ingenieux,

1159 2489 1207 2525 et
1229 2480 1360 2526 doux
1389 2478 1700 2540 d’elocution,

1158 2547 1283 2594 mais
1312 2545 1489 2608 fuyant
1517 2548 1563 2594 le
1589 2549 1761 2595 travail

1160 2613 1547 2661 nou-seulement
1571 2613 1629 2661 de
1648 2616 1827 2677 parler,

1158 2680 1281 2725 mais
1312 2679 1442 2726 aussi
1466 2679 1525 2727 de
1551 2694 1739 2742 penset,

1158 2745 1328 2791 enleva
1350 2748 1380 2792 a
1400 2745 1472 2792 soi

1158 2818 1331 2859 autaut
1357 2811 1416 2859 de
1437 2827 1520 2858 son
1543 2812 1711 2868 talent,

1158 2891 1250 2937 que
1272 2878 1310 2924 il
1343 2877 1601 2925 retrancha
1618 2877 1676 2926 de

1157 2958 1238 2990 son
1261 2943 1573 3005 applicatiou.

1221 3008 1396 3058 LXXI.
1417 3037 1482 3046 —-
1502 3013 1547 3058 A
1562 3016 1637 3057 cet
1659 3010 1850 3058 endroit
1871 3012 2071 3072 Brutus,

1155 3074 1386 3124 Combien
1406 3077 1457 3137 Je
1480 3076 1728 3139 voudrais,
1759 3078 1907 3136 dit-il,

1157 3141 1272 3200 qu’il
1295 3142 1401 3203 plut
1424 3143 1455 3190 a
1475 3142 1544 3189 toi
1568 3142 1626 3189 de
1649 3143 1809 3204 parler

1159 3207 1216 3254 de
1242 3221 1320 3254 ces
1348 3215 1567 3255 orateurs
1589 3208 1740 3262 aussi,

1160 3273 1245 3334 qui
1263 3273 1472 3321 existent
1492 3273 1807 3336 aujourd’hui
1834 3276 1847 3323 1

1162 3339 1244 3394 Et,
1271 3341 1411 3387 sinon
1435 3339 1517 3386 des
1548 3348 1728 3400 autres,

1157 3401 1651 3467 j'entendrais·parler
1677 3406 1940 3470 cependaut

1163 3484 1260 3518 non
1291 3472 1449 3519 moins
1467 3472 1729 3520 volontiers
