2592 4084
451 364 568 420 326
1237 371 1504 419 BRUTUS.

445 486 505 542 Si
530 485 791 558 aliquem,
822 483 996 540 ceteri
1030 499 1166 555 ergo
1201 486 1369 542 attice
1411 503 1523 543 non
1555 486 1840 544 dicebaut:
1873 490 1921 545 si
1953 506 2164 560 omnes,
2197 492 2296 559 qui

440 589 615 657 poteS,
650 600 823 656 quum
864 585 976 641 sint
996 585 1104 657 ipsi.
1128 586 1487 644 dissimillimi
1507 587 1653 644 inter
1672 604 1732 644 se
1748 589 1777 644 ’.Ρ
1800 592 1861 644 In
1887 607 1996 662 quo
2031 590 2289 646 etiamil·

441 686 539 742 lud
576 702 786 758 quaero,
811 685 1116 742 Phalereus
1142 685 1238 742 ille
1266 688 1583 744 Demetrius
1611 690 1846 746 atticene
1876 691 2075 746 dixerit
2107 710 2121 746 :
2150 692 2289 746 mihi

443 787 668 861 quidem
693 805 761 846 ex
788 788 940 844 illius
966 789 1307 846 orationibus
1330 789 1581 847 redolere
1608 791 1744 863 ipsae
1764 792 1991 848 Athenae
2009 793 2285 850 videntur.

439 892 507 945 At
530 894 616 945 est
633 889 899 961 floridior,
924 894 988 945 ut
1014 889 1092 946 ita
1118 890 1318 962 dicam,
1347 907 1521 963 quam
1545 891 2058 965 HyperideS,quam
2075 895 2285 964 Lysias

440 991 654 1047 Natura
677 989 935 1061 quaedam
962 995 1060 1045 aut
1088 990 1346 1048 voluntas
1369 991 1447 1047 ita
1474 991 1692 1048 dicendi
1717 993 1839 1047 fuit.

508 1092 794 1147 LXXXIII.
840 1093 908 1146 Et
934 1090 1162 1162 quidem
1189 1089 1301 1147 duo
1331 1090 1560 1146 fuerunt
1573 1108 1676 1162 per
1697 1092 1848 1147 idem
1875 1098 2098 1164 tempus
2126 1094 2288 1148 dissi-

440 1192 601 1249 miles
624 1193 768 1249 inter
788 1208 867 1264 se,
899 1192 998 1249 sed
1019 1191 1180 1248 Attici
1195 1197 1412 1250 tamen:
1440 1209 1673 1265 quorum
1683 1194 1967 1250 Charisius
1985 1194 2288 1254 multarunt

439 1292 770 1365 orationum,
811 1308 948 1363 quas
1007 1291 1284 1348 scribebat
1339 1292 1482 1364 aliis,
1530 1311 1702 1366 quum
1746 1284 1956 1367 'cupere
2006 1296 2291 1353 videretur

438 1394 645 1450 imitari
697 1393 949 1466 Lysiam3
983 1394 1357 1451 Demochares
1394 1400 1601 1465 autem,
1647 1396 1743 1469 qui
1777 1397 1885 1453 fuit
1931 1399 2290 1455 Demostheni

438 1494 645 1550 sororis
669 1493 838 1560 filius,
869 1499 924 1551 et
946 1493 1223 1551 orationes
1263 1495 1487 1567 scripsit
1523 1495 1732 1570 aliquot
1759 1517 1774 1566 ;
1805 1504 1865 1553 et
1885 1509 2081 1554 earum
2103 1514 2290 1554 rerum

436 1595 743 1668 historiam,
774 1612 899 1669 quae
926 1602 1082 1653 erant
1117 1597 1347 1653 Athenis
1383 1597 1558 1669 ipsius
1595 1603 1757 1655 aetate
1803 1606 1994 1671 gestae,
2040 1617 2150 1656 non
2175 1606 2291 1656 tam

442 1696 727 1770 historico,
753 1713 919 1770 quam
945 1699 1181 1755 oratorio
1198 1714 1426 1771 genere,
1453 1700 1789 1771 perscripsit.
1814 1704 1884 1755 At
1907 1700 2146 1757 Charisii
2168 1702 2291 1759 vult

437 1799 708 1871 Hegesias
738 1816 861 1857 esse
899 1799 1116 1870 similis,
1146 1801 1305 1872 isque
1357 1818 1418 1856 se
1450 1801 1527 1858 ita
1554 1807 1711 1873 putat
1744 1803 2010 1872 Atticum,
2038 1810 2103 1858 ut
2125 1820 2289 1860 veros

433 2062 613 2127 Lequel
647 2063 772 2113 donc
809 2062 1212 2112 imiterez-vous?
1253 2063 1381 2113 L’un
1410 2063 1595 2112 d’entre
1621 2069 1744 2112 eux?
1768 2063 1838 2111 les
1869 2069 2033 2112 autres
2056 2065 2287 2114 u’e’taient

434 2174 560 2223 donc
583 2189 670 2238 pas
700 2174 956 2238 Attiques?
978 2174 1112 2224 'Eous
1134 2173 1407 2222 ensemblel
1439 2179 1681 2222 comment
1703 2174 2004 2232 ferez-vous,
2030 2176 2292 2237 puisqu’ils

432 2300 483 2335 se
503 2285 817 2335 ressemblent
838 2285 880 2334 si
903 2284 1024 2349 peu?
1047 2283 1110 2333 Et
1129 2283 1214 2341 ici,
1237 2283 1294 2348 je
1320 2284 1630 2333 demanderai
1665 2298 1837 2332 encore
1860 2284 1901 2333 si
1929 2284 2204 2332 Demetrius
2223 2285 2291 2333 de

432 2396 638 2446 Phalere
668 2398 744 2446 fut
777 2411 849 2446 uu
882 2402 1078 2446 orateur
1098 2395 1319 2459 Attique.
1354 2395 1489 2445 Pour
1520 2394 1637 2453 moi,
1670 2392 1885 2442 Atheues
1905 2393 2179 2440 elle-meme
2199 2408 2285 2441 me

431 2509 615 2557 semble
643 2508 847 2571 respiret
869 2507 991 2557 dans
1009 2522 1085 2555 ses
1107 2505 1354 2558 discours„
1364 2504 1489 2553 Mais
1506 2504 1544 2553 il
1563 2509 1637 2552 est
1658 2504 1769 2567 plus
1792 2502 1928 2551 fleuri
1948 2502 2285 2565 qu’Hyperide

432 2625 479 2669 et
521 2619 716 2682 Lysias.
753 2618 885 2667 O'est
916 2632 1008 2680 que
1044 2630 1131 2663 son
1165 2616 1321 2664 talent
1355 2630 1422 2663 ou
1463 2629 1553 2664 son
1588 2615 1735 2663 choix
1770 2614 1903 2663 l‘onv
1932 2615 2068 2676 porte
2095 2628 2204 2660 vers
2229 2629 2289 2662 ce

431 2742 597 2794 genre.

498 2835 775 2887 LXXXIII.
800 2834 878 2885 On
904 2838 976 2883 vit
1003 2839 1216 2898 pau-aitte
1236 2837 1264 2881 ὲ,
1286 2835 1338 2881 la
1360 2836 1517 2884 meme
1549 2835 1731 2897 epoque
1753 2833 1881 2881 deux
1903 2834 2141 2882 ecrivains
2161 2834 2282 2881 tres-

433 2946 680 2996 differents
708 2950 843 2994 entre
861 2959 978 3002 eux,
1017 2950 1064 2991 et
1088 2942 1358 3005 <rependant
1378 2942 1602 3007 Azttiques
1627 2960 1641 2992 a
1669 2942 1942 3002 Charisius,
1967 2943 2285 3008 quicompost

429 3060 685 3120 beaucoup
707 3054 765 3106 «le
788 3054 1009 3106 discours
1024 3068 1148 3117 pom·
1165 3053 1234 3103 les
1256 3060 1440 3112 autres,
1471 3058 1520 3104 ea
1553 3053 1639 3117 qui
1663 3052 1924 3116 paraissait
1943 3052 2136 3102 voulo'u·
2161 3051 2279 3100 imi-

429 3178 504 3222 ter
542 3169 750 3235 Lysian
790 3174 839 3218 et
876 3164 1221 3229 Demochares,
1258 3164 1338 3218 fils
1376 3166 1522 3215 d’une
1551 3180 1682 3215 soeur
1724 3164 1782 3213 de
1802 3165 2150 3225 Demosthene,
2174 3172 2279 3227 qui,

431 3291 571 3333 outre
600 3282 844 3347 plusieurs
880 3279 1117 3344 discours,
1148 3279 1325 3329 ecl-ivit
1347 3279 1468 3328 d’un·
1493 3279 1618 3343 style
1652 3279 1767 3343 plus
1799 3280 2007 3327 oratoire
2039 3277 2286 3340 qn’histo-

429 3396 569 3459 rique
608 3395 655 3443 le
683 3395 810 3445 tecit
835 3392 896 3442 de
922 3408 979 3443 ce
1013 3393 1099 3457 qui
1130 3393 1252 3444 etait
1282 3391 1439 3442 arrivs
1461 3390 1521 3438 de
1547 3403 1633 3438 son
1658 3394 1813 3452 temps
1839 3390 1868 3435 ἐι
1887 3387 2115 3438 Athenas.
2153 3387 2287 3436 Mais

432 3499 665 3563 Hegesias
686 3508 801 3552 veut
818 3499 1101 3550 ressembler
1123 3502 1154 3549 a
1172 3499 1444 3560 Charisius,
1465 3504 1514 3545 et
1534 3496 1571 3543 il
1592 3509 1643 3544 se
1663 3495 1788 3544 croit
1806 3494 1849 3542 si
1862 3493 2082 3556 Attique,
2107 3495 2266 3556 qu’au
