2592 4084
444 326 558 380 298
1230 333 1494 380 BRUTUS.

442 458 573 507 ratae
623 447 923 504 senectutis
951 446 1157 503 oratio:
1211 454 1379 520 qanta
1426 448 1691 506 severitas
1711 448 1773 505 in
1797 449 1992 508 vultu!
2021 457 2293 523 quantum

439 547 656 620 pondus
691 546 749 601 in
775 544 959 603 verbis
985 545 999 599 1
1056 560 1221 617 quam
1248 544 1387 599 nihil
1433 561 1544 601 non
1572 546 1983 602 consideratum
2012 549 2193 603 exibat
2222 564 2293 608 ex

442 661 537 701 ore
567 644 579 699 Ξ

514 775 581 784 -
634 745 773 798 Tum
794 745 1017 811 BrutuS,
1048 739 1311 811 Torquati
1353 742 1420 795 et‘
1447 738 1647 795 Triarii
1674 739 1953 797 mentione
1982 749 2297 798 commotus

441 844 761 912 (utrumque
789 838 938 895 enim
963 853 1157 893 eorum
1177 836 1479 892 admodum
1503 836 1811 907 dilexerat),
1841 839 1938 893 Nae
1960 854 2083 909 ego,
2117 839 2299 911 inquit

443 938 528 1008 (ut
553 937 804 993 omittam
818 941 1024 1004 cetera,
1046 951 1172 1007 quae
1200 939 1327 990 sunt
1349 933 1808 1004 innumerabilia),
1836 934 1904 991 de
1926 934 2048 990 istis
2076 936 2298 994 duobus

441 1049 613 1106 quum
638 1032 838 1104 cogito,
866 1029 1048 1101 doleo,
1071 1029 1213 1084 nihil
1258 1033 1414 1084 tuam
1447 1033 1772 1100 perpetuam
1812 1029 2201 1086 auctoritatem
2227 1032 2298 1089 de

440 1145 576 1202 pace
607 1128 886 1186 valuisse!
914 1142 1043 1182 nam
1080 1141 1183 1181 nec
1221 1124 1354 1180 istos
1386 1124 1718 1181 excellentes
1737 1125 1924 1191 ‚viros‚
1950 1142 2054 1183 nec
2090 1129 2299 1186 multos

442 1227 580 1282 alios
604 1230 898 1297 praetantes
920 1223 1072 1280 cives
1096 1220 1411 1293 respublica
1427 1221 1779 1294 perdidisset.
1805 1251 1875 1266 -
1894 1221 2188 1296 sileamus,
2210 1225 2297 1279 in-

442 1338 629 1394 quam,
661 1325 855 1392 Brute,
884 1319 956 1375 de
980 1317 1123 1389 istie,
1152 1334 1223 1374 ne
1248 1333 1560 1390 ,augeamus
1587 1316 1839 1375 dolorem
1861 1336 1874 1373 :
1900 1334 2030 1375 nam
2064 1326 2121 1375 et
2146 1337 2298 1392 prae-

440 1417 734 1474 teritorum
759 1414 1071 1472 recordatio
1096 1419 1181 1470 est
1203 1412 1421 1483 acerba,
1444 1417 1501 1468 et
1523 1413 1775 1469 acerbior
1799 1415 2134 1485 exspectatio
2159 1417 2298 1470 reli-

442 1529 696 1587 quorum.
727 1517 920 1586 Itaque
945 1512 1261 1569 omittamus
1302 1511 1517 1583 lugere,
1552 1516 1608 1566 et
1633 1515 1866 1578 tantum,
1899 1511 2033 1582 quid
2061 1513 2300 1590 quisque

443 1609 675 1666 dicendo
702 1609 942 1680 potuerit
964 1607 1249 1680 (quoniam
1273 1606 1332 1662 id
1357 1605 1705 1680 quaerimus),
1728 1608 2117 1679 praedicemus,

509 1708 760 1762 LXXVII.
790 1708 931 1762 Sunt
954 1705 1123 1761 etiam
1165 1720 1235 1762 ex
1281 1703 1372 1776 iis,
1404 1702 1501 1776 qui
1535 1704 1732 1760 eodem
1771 1704 1919 1762 bello
1949 1707 2297 1779 occiderunt,

441 1804 516 1858 M.
545 1801 797 1867 Bibulus,
814 1801 909 1874 qui
935 1806 989 1856 et
1011 1799 1342 1872 scriptitavit
1363 1804 1636 1872 accurate,
1653 1815 1823 1872 quum
1849 1802 2159 1871 praesertim
2181 1818 2299 1857 non

441 1903 588 1955 esset
614 1903 819 1964 orator,
849 1902 905 1953 et
932 1895 1048 1968 egit
1073 1895 1248 1951 multa
1260 1900 1575 1952 constanter
1599 1912 1616 1967 3
1646 1894 1853 1967 Appius
1881 1896 2168 1970 ClaudiuS,
2199 1916 2295 1956 so-

438 2102 548 2151 rite.
595 2099 767 2160 Quslle
807 2096 1010 2145 severit&
1041 2096 1161 2145 dans
1185 2112 1237 2145 sa
1256 2096 1621 2160 physionomiel
1654 2099 1813 2165 quelle
1836 2102 2046 2151 autor-ite
2075 2101 2197 2150 dans
2221 2117 2297 2152 ses

436 2193 626 2256 pax-oles
651 2191 664 2238 l
696 2189 857 2254 quelle
877 2203 1069 2237 mesura
1091 2188 1214 2238 dans
1232 2194 1343 2238 tout
1360 2204 1414 2238 ce
1430 2190 1516 2253 qui
1538 2190 1713 2239 sortait
1730 2189 1790 2238 de
1802 2206 1857 2238 sa
1881 2191 2102 2239 bouchel

506 2306 572 2318 -
598 2282 745 2331 Alors
765 2281 965 2342 Brutus,
993 2280 1239 2329 vivement
1258 2283 1372 2329 emu
1396 2295 1485 2344 par
1512 2295 1567 2328 ce
1594 2282 1821 2329 souvenir
1839 2281 1901 2329 d'e
1921 2281 2207 2344 Torquatus
2250 2292 2301 2333 et

440 2376 498 2425 de
527 2376 751 2425 Triarius
774 2373 897 2436 qu’il
926 2373 1059 2421 avait
1088 2373 1393 2422 tendrement
1423 2371 1607 2421 eberis:
1638 2370 1753 2430 Oui,
1802 2371 1947 2430 dit-il,
1980 2387 2095 2420 sans
2124 2376 2298 2437 parler

439 2468 524 2518 des
557 2475 721 2517 autres
745 2466 898 2530 sujets
917 2464 976 2513 de
999 2465 1221 2523 dealem,
1247 2464 1334 2528 qui
1360 2469 1472 2513 sont
1491 2463 1870 2520 innombrables,
1902 2478 1980 2513 ees
1993 2464 2128 2513 deux
2147 2482 2299 2515 nome

436 2560 690 2609 reveillent
711 2575 770 2608 en
790 2560 890 2607 moi
904 2572 1001 2607 une
1021 2558 1196 2621 penses
1215 2558 1330 2606 bien
1354 2560 1513 2606 amere
1536 2556 1550 2604 l
1580 2555 1692 2605 Ah!
1718 2558 1959 2619 pourquoi
1991 2566 2130 2606 votre
2155 2561 2289 2623 mix,

436 2652 520 2713 qui
543 2666 604 2698 ne
631 2667 686 2700 se
722 2652 892 2699 lassait
923 2651 1066 2713 point
1101 2649 1158 2697 de
1188 2648 1445 2698 conseiller
1476 2649 1529 2697 la
1550 2648 1683 2711 paix,
1728 2647 1973 2697 n’a-t-elle
1994 2649 2176 2711 jamnis
2218 2652 2297 2700 ete

433 2742 629 2790 eooutee
642 2740 667 2789 ἰ’
709 2741 782 2790 La
811 2739 1096 2804 republique
1119 2740 1254 2787 n’eut
1275 2739 1446 2802 perdu,
1470 2741 1525 2787 ni
1540 2754 1617 2788 ces
1642 2739 1770 2788 deux
1791 2739 2013 2789 hommes
2033 2750 2288 2806 vertueux,

433 2834 486 2881 ni
523 2838 631 2880 tant
655 2832 868 2880 d'autres
891 2830 1078 2895 grands
1108 2832 1344 2892 citoyens.
1374 2858 1441 2867 —
1471 2830 1677 2879 Faisons
1721 2835 1869 2891 treve,
1906 2832 2111 2895 Brutus,
2150 2837 2180 2882 ὲ,
2212 2851 2296 2885 oss

433 2926 595 2974 tristes
615 2924 891 2982 reflexione,
921 2939 1046 2988 pour
1067 2938 1130 2972 ne
1161 2939 1248 2986 pas
1285 2924 1440 2987 aigrir
1465 2939 1555 2973 nos
1579 2925 1847 2975 blessures:
1877 2941 1964 2975 car
1982 2930 2025 2975 si
2049 2928 2096 2975 le
2118 2943 2297 2978 souve-

431 3017 512 3063 nir
535 3016 602 3063 du
635 3017 775 3079 passe
797 3023 868 3064 est
891 3029 1042 3074 amer,
1083 3016 1305 3063 combien
1345 3016 1565 3065 l’attente
1592 3014 1651 3064 de
1680 3016 1887 3065 l'avenir
1917 3018 2147 3068 l’est-elle
2178 3022 2295 3084 plus

432 3109 632 3157 encore!
659 3109 861 3158 Cessons
896 3108 1023 3158 done
1042 3108 1100 3156 de
1121 3109 1297 3172 gemit,
1326 3116 1375 3157 et
1395 3115 1836 3159 contentens-nous
1877 3108 2180 3174 d'apprecier
2216 3112 2293 3160 len

432 3201 609 3248 succes
625 3198 682 3247 de
708 3199 894 3262 chaque
917 3206 1129 3258 orateur,
1155 3200 1364 3264 puisque
1382 3202 1501 3251 e’est
1520 3202 1573 3249 la
1594 3201 1768 3263 l’obJet
1786 3200 1847 3249 de
1875 3217 1968 3250 nos
1980 3203 2291 3254 recherches.

494 3291 741 3342 LXXVII.
768 3292 937 3341 Parmi
973 3307 1096 3341 ceux
1119 3294 1204 3355 qui
1237 3299 1324 3341 ont
1353 3292 1461 3359 peri
1497 3293 1618 3341 dans
1641 3299 1765 3342 cette
1787 3308 1982 3356 guerre,
2005 3295 2294 3345 n’onblions

429 3398 516 3445 pas
545 3385 614 3433 M.
655 3383 883 3434 Bibulus.
913 3384 958 3434 Il
981 3383 1155 3433 esurivit
1183 3384 1435 3448 beaucoup
1457 3390 1506 3434 et
1541 3398 1655 3433 avec
1691 3383 1818 3441 eoin,
1852 3393 2046 3434 surtout
2068 3401 2197 3449 pour
2221 3404 2292 3438 un

430 3469 626 3525 homme
647 3477 731 3539 qui
752 3477 923 3526 n’etait
943 3492 1030 3543 pas
1050 3482 1245 3525 orateur
1268 3494 1282 3534 ς
1313 3484 1360 3526 et
1381 3477 1439 3525 de
1461 3477 1591 3540 plus,
1616 3477 1655 3525 il
1682 3475 1739 3527 fit
1769 3477 2022 3540 beaucoup
2042 3478 2294 3529 d’actions
