2592 4084
497 329 574 387 94
1285 339 1548 384 saurus,

497 456 826 512 memoriam
854 454 1147 510 clarissimi
1173 454 1384 526 patris;
1428 454 1587 526 isque
1615 470 1677 509 se
1703 459 1827 509 tum
1868 452 2076 525 eripuit
2101 452 2355 523 flamma,

495 552 727 619 propter
768 536 973 618 pueros
1013 543 1398 601 misericordia
1436 543 1622 617 populi
1676 550 1984 615 commota,
2031 542 2177 601 sicut
2200 544 2357 599 idem

497 638 766 707 scriptum
789 636 1015 709 reliquit
1040 637 1195 691 Cato.
1222 638 1401 707 Atque
1430 634 1597 690 etiam
1624 635 1805 706 ipsum
1830 636 2096 692 Libonem
2123 651 2236 691 non
2266 636 2353 689 in-

497 731 707 787 fantem
738 730 902 787 video
929 729 1121 800 fuisse,
1159 734 1220 784 ut
1248 744 1317 785 ex
1351 728 1692 785 orationibus
1732 729 1854 802 ejus
1875 728 2118 802 intelligi
2147 735 2352 800 potest.

497 823 678 888 Quum
710 820 828 877 haec
867 820 1150 891 dixissem,
1194 827 1251 876 et
1285 820 1535 891 paullum
1565 820 2082 894 interquievissem:
2112 852 2177 861 —
2205 821 2354 886 Quid

495 912 687 985 igitur,
716 912 913 985 inquit,
946 918 1032 968 est
1069 928 1270 984 causae,
1311 916 1535 985 BrutuS,
1559 913 1609 969 si
1640 919 1793 970 tanta
1815 903 2000 970 'virtus
2031 913 2090 968 in
2129 918 2352 970 oratore

495 1003 669 1060 Galba
689 1004 815 1076 fuit,
846 1020 946 1061 cur
973 1020 1040 1060 ea
1065 1004 1222 1061 nulla
1249 1005 1305 1059 in
1343 1004 1685 1061 orationibus
1708 1005 1830 1078 ejus
1857 1004 2165 1077 appareat?
2201 1004 2352 1076 quod

495 1096 685 1152 mirari
712 1113 820 1152 non
846 1112 1075 1167 possum
1103 1097 1161 1152 in
1190 1098 1294 1167 eiS,
1326 1098 1421 1169 qui
1451 1096 1591 1152 nihil
1622 1098 1843 1154 omnino
1873 1097 2067 1169 scripti
2101 1098 2349 1169 relique-

500 1196 647 1244 runt.

564 1280 753 1335 XXIV.
773 1307 840 1320 -
862 1280 974 1334 Nec
999 1278 1149 1334 enim
1174 1285 1263 1335 est
1290 1280 1509 1353 eadem,
1547 1281 1794 1353 inquam,
1825 1285 2015 1351 Brute,
2043 1297 2217 1337 causa
2237 1295 2350 1336 non

496 1368 797 1439 scribendi,
829 1375 885 1424 et
907 1386 1018 1426 non
1050 1376 1164 1426 tam
1199 1371 1341 1428 bene
1374 1372 1673 1445 scribendi,
1714 1390 1884 1446 quam
1918 1374 2176 1430 dixerint.
2207 1376 2352 1430 Nam

496 1461 750 1542 videmus
776 1461 915 1516 alios
942 1470 1191 1519 oratores
1216 1464 1416 1521 inertia
1454 1465 1597 1520 nihil
1626 1465 1935 1539 scripsisse,
1978 1482 2049 1521 ne
2078 1464 2351 1520 domesti-

497 1569 596 1610 cus
623 1552 788 1608 etiam
815 1551 973 1608 labor
998 1555 1293 1612 accederet
1311 1557 1380 1612 ad
1397 1556 1704 1622 forensem;
1729 1558 2007 1631 pleraeque
2032 1557 2184 1613 enim
2208 1557 2350 1614 sc‘ri-

495 1647 700 1702 buntur
734 1647 1015 1703 orationes
1043 1646 1244 1704 habitae
1279 1647 1418 1721 jam,
1458 1664 1569 1705 non
1598 1655 1662 1705 ut
1689 1649 2034 1706 habeantur:
2066 1649 2209 1704 alios
2235 1665 2349 1705 non

443 1758 447 1761 ⁴
496 1741 769 1808 laborare,
793 1744 857 1795 ut
880 1740 1142 1797 meliores
1160 1739 1329 1812 fiant;
1357 1741 1510 1797 nulla
1538 1741 1683 1797 enim
1707 1757 1798 1798 res
1824 1745 2039 1797 tantum
2065 1742 2137 1797 ad
2159 1741 2353 1797 dicen-

497 1838 629 1893 dum
655 1836 893 1909 proficit,
923 1842 1189 1910 quantum
1213 1837 1472 1911 scriptio:
1505 1839 1830 1895 memoriam
1857 1844 2043 1895 autem
2067 1838 2125 1893 in
2156 1844 2347 1909 poste-

496 2077 543 2125 le
567 2073 799 2123 souveuir
818 2086 992 2119 encore
1015 2073 1177 2120 recent
1190 2072 1256 2119 du
1279 2072 1438 2137 grand
1460 2071 1654 2122 homme
1676 2071 1761 2136 qui
1781 2072 1902 2123 etait
1927 2089 2015 2123 son
2037 2075 2164 2138 pere,
2188 2081 2348 2123 atten-

497 2160 682 2210 drirent
706 2166 815 2206 tous
838 2159 909 2205 les
932 2173 1118 2216 coeurs;
1146 2166 1194 2207 et
1219 2160 1392 2220 Galba,
1418 2176 1606 2210 comme
1622 2161 1668 2210 le
1682 2168 1909 2225 rapporte
1931 2164 1979 2212 le
1995 2165 2151 2211 meme
2167 2164 2342 2220 Caton.

496 2265 556 2298 en
578 2248 793 2295 excitant
814 2246 864 2293 la
893 2246 1011 2309 pitie
1034 2262 1157 2309 pour
1193 2248 1277 2296 des
1300 2248 1512 2307 enfants‚
1547 2264 1598 2297 se
1620 2264 1771 2298 sauva
1803 2250 1863 2299 de
1898 2251 2156 2300 l'incendie
2184 2256 2291 2316 pret
2316 2254 2346 2300 a

496 2336 543 2384 le
566 2334 782 2381 devorer.
809 2334 965 2383 Libon
989 2334 1260 2395 lui-meme,
1283 2352 1371 2384 son
1392 2343 1692 2394 accusateur,
1715 2353 1776 2385 ne
1796 2340 2051 2400 manquait
2072 2355 2158 2403 pas
2180 2338 2240 2388 de
2270 2348 2347 2387 ta-

496 2424 598 2473 lent
623 2439 748 2487 pour
779 2425 831 2473 la
862 2425 1044 2488 parole,
1094 2440 1282 2475 comme
1314 2442 1375 2474 on
1420 2433 1532 2489 peut
1578 2440 1638 2474 en
1682 2427 1828 2491 juger
1860 2442 1947 2491 par
1991 2442 2066 2476 ses
2102 2429 2342 2480 discours.

494 2510 650 2575 Api-es
669 2512 806 2560 avoir
825 2511 1003 2562 acheve
1024 2526 1105 2562 ces
1128 2524 1275 2576 mots‚
1293 2513 1343 2575 je
1364 2528 1441 2559 me
1462 2513 1674 2575 reposais
1696 2529 1764 2561 un
1785 2515 1990 2563 instant.
2007 2545 2072 2557 -—
2096 2516 2345 2581 Pourquoi

497 2597 638 2658 donc,
666 2601 818 2662 reprit
836 2600 1039 2657 Brutus,
1074 2616 1135 2648 ne
1158 2607 1460 2649 trouve-bon
1500 2599 1621 2647 dans
1646 2601 1716 2649 les
1740 2601 1955 2650 discours
1992 2607 2074 2666 qui
2095 2620 2219 2652 nous
2243 2621 2343 2653 res-

495 2694 601 2736 tent
629 2679 687 2736 de
726 2688 887 2738 Galba
931 2702 1120 2735 aucune
1154 2695 1285 2735 trace
1325 2685 1440 2733 d'un
1484 2687 1637 2736 talent
1673 2691 1714 2737 si
1752 2689 2006 2753 puissant?
2042 2693 2235 2741 Encore
2265 2695 2345 2742 a’il

497 2774 679 2821 n’avait
698 2774 802 2822 rien
822 2772 973 2820 ecrit!

562 2860 748 2909 XXIV.
778 2887 846 2898 —
870 2860 999 2909 C'est
1022 2876 1108 2923 par
1144 2859 1270 2908 deux
1312 2861 1501 2909 raisons
1525 2861 1814 2923 differentes,
1851 2880 1966 2912 mon
1999 2866 2113 2914 cher
2139 2868 2335 2927 Brutus,

497 2953 641 3012 qu’on
668 2948 839 2995 n’ecrit
866 2963 969 3010 pas,
1000 2962 1064 2995 ou
1093 2947 1237 3009 qu'on
1261 2949 1383 2994 e‘crit
1407 2949 1568 2996 moins
1601 2951 1712 2997 bien
1748 2951 1896 3014 qu’on
1929 2967 1991 2999 ne
2023 2955 2173 3016 parle.
2210 2956 2344 3005 Tan—-

496 3038 570 3085 tot
603 3041 719 3085 c'est
739 3037 794 3084 la
806 3051 996 3099 paresse
1015 3036 1099 3098 qui
1120 3036 1345 3098 empeche
1362 3035 1419 3084 de
1437 3037 1641 3100 prendre
1659 3040 1708 3085 la
1726 3039 1907 3100 plume,
1940 3049 1987 3088 et
2010 3057 2133 3090 nous
2158 3059 2341 3106 voyons

500 3127 582 3173 des
606 3132 824 3174 orateurs
847 3125 931 3188 qui
955 3125 1094 3172 n'ont
1115 3138 1202 3188 pas
1224 3124 1374 3173 voulu
1389 3126 1577 3189 ajouter
1600 3126 1646 3174 le
1673 3128 1847 3176 travail
1860 3127 1927 3177 du
1949 3130 2139 3178 cabinet
2166 3134 2195 3178 a
2217 3132 2342 3180 celui

498 3213 565 3261 du
590 3213 778 3277 fornm;
825 3227 911 3260 car
942 3211 992 3259 la
1040 3212 1237 3275 plnpart
1272 3212 1356 3261 des
1394 3213 1612 3263 discours
1636 3216 1891 3265 s'eorivent
1931 3220 2072 3281 apres
2110 3219 2245 3267 avoir
2270 3222 2343 3267 ete

497 3301 780 3364 prononces,
820 3305 867 3347 et
890 3314 990 3346 non
1022 3314 1146 3363 pour
1167 3303 1268 3348 etro
1291 3304 1561 3364 prononces
1588 3320 1601 3361 3
1629 3302 1839 3352 d’autres
1876 3306 2191 3369 n'eprouvent
2207 3307 2343 3371 point

497 3388 542 3436 le
564 3387 689 3434 desit
711 3386 769 3434 de
803 3402 853 3434 se
876 3386 1245 3450 perfectionner,
1270 3395 1319 3437 et
1358 3390 1462 3438 rien
1508 3390 1773 3453 n'apprend
1803 3392 1967 3440 mieux
2001 3396 2031 3442 a
2065 3394 2224 3457 parler
2252 3410 2342 3457 que

498 3475 712 3524 d'ecrire.
739 3474 841 3524 Peu
858 3474 1032 3538 jaloux
1057 3475 1115 3525 de
1137 3476 1304 3525 laisser
1324 3478 1463 3538 apres
1484 3491 1579 3524 eux
1616 3476 1697 3524 des
1718 3490 2028 3529 monuments
2053 3481 2114 3530 de
2134 3482 2242 3530 leur
2261 3484 2342 3546 ge·
