2592 4084
362 484 412 526 et
434 476 578 525 eadat
594 475 646 524 in
670 476 767 524 his.

363 543 495 592 Solet
525 550 685 591 autem
718 540 932 605 judicari

363 624 566 658 assensu
597 610 738 672 vulgi

360 688 412 722 et
430 675 774 738 approbatione
795 674 1020 737 populari

360 742 607 789 efficiatur
619 743 680 788 ab
695 747 899 802 oratore,
916 756 1005 790 nee
1022 756 1100 799 ne,

363 816 422 854 ut
441 809 479 854 ii
502 809 581 869 qui
601 807 802 855 audiant

362 873 643 920 afficiantur
666 876 735 920 ita

364 947 422 986 ut
455 948 617 987 orator
639 941 775 987 velit.

360 1004 533 1067 Itaque

363 1087 616 1134 nunquam
644 1071 876 1120 dissensio
895 1071 990 1118 fuit

362 1137 645 1186 hominibus
667 1137 820 1185 doctis

358 1216 473 1252 eum
494 1205 672 1266 populo

366 1270 423 1316 de
445 1278 633 1318 oratore
656 1271 804 1332 bono,

361 1346 448 1382 aut
482 1353 577 1383 non
613 1337 758 1383 bono.

429 1403 485 1450 L.
524 1406 602 1451 An
638 1417 820 1453 censes,

362 1471 551 1516 eosdem
587 1468 767 1530 gradus
801 1478 1048 1515 oratorum

360 1550 459 1583 non
491 1535 641 1582 fuisse

358 1601 548 1663 judicio
572 1602 712 1662 vulgi
742 1607 791 1648 et
815 1599 1071 1648 doctorum
1086 1634 1099 1658 ‚

363 1667 479 1714 dum
513 1669 775 1727 viguerunt

361 1734 437 1781 illi
466 1749 586 1795 quos
620 1733 724 1778 dixi
760 1729 906 1779 ante?

362 1799 412 1847 Si
439 1801 710 1861 rogavisses
744 1799 814 1846 ita

364 1881 505 1926 quem
534 1865 593 1911 de
616 1865 793 1926 populo
819 1880 832 1910 ι

311 1938 317 1944 “
361 1931 486 1991 Quis
505 1939 577 1977 est
600 1929 1026 1991 eloquentissimus

362 1998 415 2043 in
450 1997 543 2043 hae
576 1997 799 2044 civitate?

363 2069 453 2110 aut
478 2063 721 2109 dubitaret

362 2131 414 2176 in
443 2130 657 2175 Antonio
681 2136 726 2174 et
749 2127 938 2179 Crasso,

362 2205 451 2241 aut.
467 2196 594 2241 alius
620 2194 799 2240 diceret
816 2192 967 2249 hunc,

362 2262 496 2308 alius
526 2263 692 2308 illum.

358 2327 605 2374 Nemo-ne
628 2325 889 2373 anteferret
911 2322 991 2371 his

359 2394 662 2456 Philippum.

358 2469 599 2509 oratorem
627 2468 728 2506 tam
755 2470 971 2514 suavem.

359 2534 458 2574 tam
491 2540 708 2593 gravem,

364 2603 463 2639 tam
502 2595 727 2651 facetum,

358 2672 504 2721 quem
539 2666 730 2707 nosmet
761 2654 856 2718 ipsi

1155 359 1422 405 munus·
2106 350 2211 406 199

1161 481 1209 524 et
1230 476 1392 524 tomba
1417 478 1448 523 a
1467 491 1744 540 ‹ze-propos.

1159 542 1286 591 Mais
1307 558 1370 591 on
1389 558 1419 589 a
1441 549 1662 591 coutume
1692 544 1749 592 de
1772 544 1919 608 juger

1159 623 1248 670 par
1270 609 1621 657 l’assentiment
1642 609 1700 656 de
1719 611 1771 658 la
1790 611 1921 659 foule

1159 681 1207 721 et
1227 690 1316 737 par
1339 676 1692 736 l'approbation
1721 676 1785 723 du
1809 679 1980 741 peuple

1159 744 1201 787 ει·
1219 741 1257 789 il
1281 748 1354 788 est
1375 741 1467 787 fait
1493 756 1580 801 par
1596 741 1846 802 l'orateur,
1871 759 1935 792 ou
1958 761 2073 802 non,

1160 821 1253 868 que
1276 822 1401 854 ceux
1424 808 1508 868 qui
1528 809 1752 855 eeoutent

1160 880 1271 920 sont
1294 873 1488 919 affectes
1515 872 1574 920 de
1595 874 1707 920 telle
1722 879 1850 922 sorte

1160 954 1251 999 que
1269 939 1499 986 l'orateur
1518 943 1559 986 le
1581 947 1713 986 veut.

1158 1006 1286 1052 C'est
1304 1005 1542 1066 ponrquoi

1152 1071 1332 1132 jamais
1354 1071 1689 1118 dissentiment
1708 1086 1771 1119 ne
1788 1070 1867 1119 fut

1157 1152 1256 1184 aux
1283 1138 1501 1184 hommes
1524 1144 1718 1185 savants

1157 1218 1271 1253 aveo
1292 1205 1338 1250 le
1362 1204 1532 1266 peuple

1159 1285 1220 1317 au
1242 1271 1369 1332 sujet
1389 1270 1446 1316 de
1469 1270 1699 1317 l'orateur
1715 1270 1830 1328 bon,

1158 1351 1221 1382 ou
1245 1351 1343 1382 non
1367 1335 1481 1382 bon.

1224 1401 1284 1450 L.
1322 1400 1494 1449 Est-ce
1516 1416 1610 1463 que
1634 1408 1687 1448 tu
1708 1416 1895 1467 penses,

1158 1467 1230 1514 les
1253 1470 1433 1514 memes
1453 1468 1623 1530 degree
1648 1468 2114 1516 entre-lesperateurs

1158 1536 1347 1581 n'avoir
1362 1549 1449 1595 pas
1470 1533 1747 1580 ete-etablis

1158 1614 1223 1647 au
1247 1601 1502 1662 jugement
1526 1600 1591 1646 du
1615 1600 1786 1662 peuple
1808 1608 1856 1647 et
1878 1600 1962 1649 des
1994 1607 2211 1662 savants,

1159 1667 1417 1727 alors-que
1443 1664 1733 1713 fiorissaient

1157 1741 1494 1786 ees-orateurs,
1523 1731 1642 1780 dont
1656 1732 1746 1794 j’ai
1774 1731 1907 1794 ρει-16
1926 1732 2038 1796 plus
2060 1730 2213 1781 haut?

1159 1799 1208 1846 Si
1232 1807 1287 1846 tu
1313 1799 1449 1845 avais
1467 1800 1710 1860 interrege
1732 1799 1857 1846 ainsi

1158 1866 1424 1927 quelqu‘un
1451 1864 1517 1911 du
1538 1865 1712 1926 peuple
1738 1880 1749 1908 ε

1158 1930 1282 1991 Quel
1308 1940 1380 1978 est
1406 1930 1836 1992 le·plus-eloquent

1159 1998 1280 2044 dans
1305 2003 1425 2044 cette
1445 1993 1576 2044 cite?

1160 2078 1223 2110 ou
1242 2064 1279 2110 il
1303 2063 1550 2110 he'siterait

1162 2140 1296 2177 entre
1314 2130 1527 2177 Antoine
1554 2135 1603 2176 et
1621 2127 1845 2185 Crassus,

1161 2212 1225 2242 ou
1254 2197 1361 2242 l'un
1381 2196 1670 2243 nommerait
1687 2196 1899 2253 celui-ei,

1160 2264 1336 2310 l'autre
1367 2261 1587 2310 nelei-la.

1163 2329 1407 2376 Personue
1427 2341 1490 2374 ne
1515 2325 1851 2389 prefererait-il
1867 2330 1897 2375 ‘a
1917 2341 2038 2375 ceux
2046 2325 2119 2375 -ei

1160 2394 1403 2456 Philippa,

1160 2469 1357 2508 orateur
1386 2458 1430 2506 si
1447 2457 1597 2520 doux,

1162 2528 1204 2574 si
1229 2540 1398 2590 grave,

1161 2595 1204 2640 si
1237 2592 1434 2656 enjone,

1157 2673 1250 2722 que
1271 2661 1621 2720 nous-memes,

359 2725 445 2789 qui
468 2725 695 2772 volumus
707 2719 977 2787 expendere
997 2716 1104 2766 haec
1158 2727 1241 2788 qui
1266 2726 1474 2773 voulons
1494 2740 1630 2789 peser
1649 2726 1888 2774 tout-cela

360 2790 527 2852 aliqua
561 2798 677 2849 arte,

361 2857 577 2905 diximus

362 2924 513 2972 fuisse
536 2921 817 2986 proximum
851 2916 985 2967 iuis?

361 2989 517 3038 Nemo
551 2987 786 3051 profecto.

360 3056 418 3105 ld
454 3056 587 3102 enim
622 3056 784 3115 ipsum

361 3131 433 3170 est
466 3122 645 3169 summi
684 3117 844 3183 operis

361 3189 514 3235 videri
551 3186 728 3250 populo

363 3268 611 3301 summurn
646 3258 906 3300 oratorem.

363 3318 524 3380 Quare
558 3320 738 3367 tibicen
783 3314 1104 3379 Antigenidas
1154 3322 1302 3371 Ainsi
1318 3337 1409 3384 que
1420 3322 1465 3368 le
1476 3319 1874 3384 joueur-de-flsste
1893 3319 2216 3383 Antigenidas
2293 3320 2300 3329 ⁴

365 3386 539 3434 dixerit
574 3401 661 3433 suo
696 3383 947 3445 discipulo,

1159 2792 1349 2853 d'apres
1365 2794 1599 2841 eet-taines
1616 2793 1790 2855 tegla,

1154 2873 1311 2906 avons
1345 2857 1420 2908 dit

1157 2926 1297 2972 avoir
1320 2924 1560 2988 approche
1582 2924 1630 2972 le
1649 2924 1761 2987 plus
1785 2923 1845 2971 de
1866 2924 2094 2972 ceux-la?

1160 2991 1407 3039 Personne
1432 2992 1752 3039 assurement.

1159 3057 1253 3106 Car
1272 3058 1379 3104 eela
1400 3061 1555 3105 meme

1160 3136 1232 3170 est
1264 3123 1409 3170 d’uue
1435 3122 1622 3187 grande
1649 3125 1952 3185 importanee

1161 3188 1219 3236 de
1242 3195 1453 3249 paraltre
1477 3204 1540 3236 au
1564 3190 1738 3252 peuple

1157 3271 1226 3303 un
1250 3255 1411 3317 grand
1433 3264 1643 3303 orateur.

1162 3387 1262 3434 dise
1286 3390 1317 3434 a
1351 3403 1438 3434 son
1455 3389 1603 3443 elem,

368 3466 481 3496 sane
514 3451 712 3514 frigenti
750 3450 810 3497 ad
847 3448 1100 3511 populum,
1160 3459 1313 3499 certes
1333 3452 1767 3514 repa-froidement
1788 3467 1877 3513 par
1898 3452 1943 3498 k
1967 3450 2163 3512 peane,

371 3535 395 3559 ι
423 3516 554 3564 Cane
573 3518 694 3565 mihi
716 3524 765 3566 et
785 3515 939 3564 Musis
967 3530 980 3560 ι
1011 3534 1034 3559 ι

1168 3537 1189 3561 ι
1218 3517 1347 3568 <Ioue
1370 3534 1491 3582 pour
1519 3520 1618 3566 moi
1641 3525 1690 3566 et
1713 3533 1834 3580 pour
1867 3519 1937 3564 les
1959 3516 2117 3567 Muses
2143 3534 2156 3564 ε
2187 3534 2215 3563 ιι
