2592 4084
467 256 575 313 192
1252 261 1524 306 Bnnrus.

458 379 784 453 imperatori
813 379 961 432 diem
1006 376 1157 431 dixit.
1190 376 1325 445 Ejus
1350 375 1567 445 collega
1604 377 1667 430 P.
1707 374 1945 445 MagiuS,
1990 375 2047 429 in
2084 374 2328 431 dicendo

458 467 646 539 paullo
691 471 877 520 tamen
906 464 1198 535 copiosior.
1230 463 1338 519 Sed
1382 463 1629 518 omnium
1664 467 1968 528 oratorum,
2004 463 2121 518 sive
2161 465 2328 519 rabu-

456 555 658 619 larum,
699 554 794 626 qui
823 560 879 609 et
903 552 1063 624 plane
1099 552 1323 618 indocti,
1357 557 1454 606 aut
1494 550 1768 617 inurbani,
1813 556 1908 606 aut
1930 551 2122 605 rustici
2152 553 2327 607 etiam

458 644 703 705 fuerunt,
736 658 873 713 quos
900 641 1124 713 quidem
1163 656 1266 711 ego
1300 640 1674 711 cognoverim,
1718 640 2122 695 solutissimum
2150 641 2207 693 in
2236 640 2325 695 di-

459 730 633 784 cendo
670 735 727 784 et
764 728 1143 783 acutissimum
1177 729 1391 799 judico,
1430 728 1602 782 nostri
1639 728 1848 782 ordinis
1881 730 1944 795 Q.
1991 729 2319 793 Sertorium,

459 817 735 889 equestris
774 820 832 873 C.
878 817 1233 888 Gorgonium.
1264 816 1392 870 Fuit
1427 816 1592 871 etiam
1637 816 1814 871 facilis
1844 822 1900 871 et
1931 817 2220 887 expeditus
2250 818 2323 872 ad

462 906 776 970 dicendum,
817 910 872 959 et
912 905 1041 961 vitae
1068 904 1362 975 splendore
1401 905 1596 967 multo,
1631 911 1684 959 et
1716 904 1943 974 ingenio
1970 921 2102 959 sane
2131 906 2325 975 proba-

458 993 577 1057 bili,
600 996 660 1048 T.
687 992 906 1057 Junius,
930 995 989 1047 L.
1021 993 1107 1057 F„
1136 991 1479 1056 tribunitius,
1510 1008 1617 1064 quo
1651 987 1947 1047 accusante
1977 995 2040 1047 P.
2073 993 2317 1057 SextiuS‚

460 1087 662 1152 praetor
705 1081 1049 1152 designatuS‚
1087 1079 1380 1135 damnatus
1422 1086 1508 1135 est
1548 1079 1787 1135 ambitus
1822 1098 1835 1134 :
1870 1079 1917 1135 is
1957 1080 2323 1151 processisset

460 1170 763 1225 honoribus
808 1168 1049 1240 longius,
1092 1167 1199 1223 nisi
1236 1185 1459 1240 semper
1499 1167 1719 1223 infirma
1759 1175 1924 1235 atque
1971 1168 2141 1223 etiam
2170 1185 2324 1239 aegra

461 1256 780 1312 valetudine
807 1256 1025 1310 fuisset.

529 1346 709 1399 XLIX.
753 1348 926 1416 Atque
966 1359 1070 1414 ego
1106 1342 1375 1415 praeclare
1417 1341 1693 1415 intelligo,
1725 1359 1813 1398 me
1842 1342 1899 1397 in
1932 1359 2127 1399 eorum
2167 1360 2321 1399 com-

462 1431 856 1486 memoratione
899 1431 1130 1496 versari‚
1181 1431 1278 1502 qui
1310 1447 1414 1487 nec
1453 1430 1628 1488 habiti
1678 1429 1787 1485 sint
1828 1437 2101 1495 oratores,
2133 1447 2319 1503 neque

364 1515 370 1522 '
462 1518 687 1584 fuerint,
717 1517 1102 1589 praeteririque
1127 1534 1160 1573 a
1193 1534 1282 1572 me
1308 1517 1519 1589 aliquot
1543 1534 1607 1572 ex
1635 1517 1940 1583 veteribuS‚
1971 1534 2316 1573 commemo-

463 1605 674 1661 ratione
696 1610 791 1661 aut
809 1606 972 1659 laude
1004 1606 1235 1676 dignos:
1265 1606 1365 1660 sed
1392 1606 1495 1659 hoc
1525 1604 1747 1677 quidem
1776 1605 2123 1676 ignoratione
2148 1627 2162 1670 ;
2186 1607 2323 1678 quid

465 1694 611 1747 enim
642 1699 726 1746 est
759 1692 1056 1763 superioris
1076 1692 1274 1756 aetatis,
1306 1692 1454 1764 quod
1487 1691 1658 1746 scribi
1685 1693 1863 1763 possit
1884 1692 1951 1747 de
1982 1693 2073 1758 iis,
2106 1694 2176 1748 de
2201 1696 2321 1765 qui-

467 1779 571 1835 bus
613 1779 767 1834 nulla
804 1785 1161 1833 monumenta
1215 1778 1542 1850 loquuntur,
1585 1794 1687 1833 nec
1728 1778 1990 1850 aliorum,
2035 1795 2139 1835 nec
2172 1782 2320 1851 ipso-

458 2017 633 2079 justice
661 2016 715 2063 L.
744 2014 896 2076 Sylla,
920 2015 1050 2061 alors
1075 2015 1289 2076 general,
1318 2029 1378 2060 ne
1401 2015 1556 2061 l’etait
1594 2029 1679 2077 pas
1702 2009 1991 2078 aavantage.
2015 2016 2074 2064 P.
2099 2017 2313 2080 Magius,

463 2109 686 2169 collegae
715 2106 775 2153 de
791 2120 849 2153 ce
870 2106 1079 2164 dernier,
1107 2107 1239 2154 avait
1262 2122 1332 2152 un
1350 2122 1442 2169 pou
1471 2106 1581 2169 plus
1604 2106 1662 2154 de
1681 2106 1937 2154 fecondite.
1973 2107 2098 2155 Mais
2123 2108 2183 2155 de
2207 2116 2319 2156 tous

462 2205 531 2252 les
561 2211 798 2257 orateurs,
829 2214 893 2247 ou
915 2199 1075 2261 plutot
1102 2198 1159 2245 de
1182 2205 1294 2245 tous
1333 2200 1403 2246 lea
1442 2199 1662 2261 parleurs
1706 2214 1819 2246 sans
1851 2200 2159 2257 instruction,
2196 2217 2316 2250 sano

463 2297 685 2359 politesse
713 2299 759 2341 et
795 2308 906 2340 sans
931 2294 1068 2354 gout,
1090 2307 1182 2355 que
1197 2293 1318 2355 j'aie
1340 2309 1545 2352 cunnus,
1572 2294 1621 2356 je
1643 2293 1755 2340 n’en
1778 2295 1879 2340 vois
1902 2308 1985 2355 pas
2008 2294 2093 2355 qui
2116 2302 2345 2346 cassant,

462 2397 633 2437 autaut
671 2389 728 2437 de
766 2388 946 2435 facilites
988 2395 1036 2436 et
1077 2388 1134 2435 de
1162 2388 1463 2451 penetration
1504 2402 1597 2449 qne
1633 2386 1891 2443 Sertorius,
1937 2385 1992 2433 de
2020 2386 2204 2434 l’ordre
2230 2388 2318 2436 des

462 2486 733 2541 senateurs,
760 2491 808 2530 et
835 2481 1134 2546 Gorgonius,
1159 2480 1218 2528 de
1257 2482 1382 2528 celui
1410 2479 1489 2527 des
1512 2479 1794 2527 chevaliers.
1818 2477 1877 2526 T.
1910 2477 2113 2542 Junius,
2138 2478 2219 2527 fils
2258 2480 2317 2530 de

460 2576 659 2633 Lucius,
687 2576 771 2637 qui
785 2576 861 2622 fut
884 2575 1072 2631 tribum
1096 2581 1146 2622 et
1160 2589 1247 2620 sur
1263 2573 1578 2621 l’aceusation
1599 2572 1780 2634 duquel
1798 2572 1858 2619 P.
1884 2572 2096 2630 Sextius,
2120 2575 2315 2635 preteur

463 2665 677 2728 designet,
700 2666 776 2713 fut
800 2664 1068 2714 condamus?
1092 2679 1215 2727 pour
1237 2665 1388 2711 crime
1418 2665 1476 2710 de
1499 2665 1686 2726 brigue‚
1711 2666 1842 2713 avait
1864 2667 1999 2712 aussi
2020 2681 2117 2712 une
2151 2668 2315 2713 elocu-

462 2757 565 2804 tion
596 2755 739 2802 facile
772 2762 818 2801 et
849 2756 1092 2811 comante,
1132 2755 1232 2817 qui,
1257 2753 1412 2815 jointe
1442 2756 1473 2799 a
1509 2754 1670 2801 l’eclat
1708 2754 1765 2801 de
1788 2768 1843 2801 sa
1866 2753 1942 2801 vie
1960 2762 2008 2801 et
2027 2757 2058 2801 a
2077 2770 2145 2801 un
2167 2757 2314 2817 esprit

464 2860 595 2892 assez
632 2846 895 2908 distingue,
931 2846 1127 2892 l'aurait
1164 2846 1302 2907 porte
1336 2845 1445 2907 plus
1471 2845 1572 2891 loin
1602 2845 1721 2893 dans
1756 2846 1805 2891 la
1832 2846 2037 2893 cari-iere
2065 2846 2153 2910 ‚des
2184 2846 2309 2893 hon-

461 2955 623 2998 neur-S,
649 2940 689 2987 si
725 2953 813 2987 son
839 2940 938 2985 etat
964 2938 1022 2985 de
1042 2937 1264 2986 faiblesse
1287 2953 1352 2987 ou
1380 2939 1539 3002 plutot
1562 2939 1619 2987 de
1641 2939 1854 2990 maledie
1873 2939 2008 2988 n’efit
2039 2942 2195 2987 arrete
2222 2957 2310 2988 son

461 3046 610 3080 esser.

527 3122 702 3170 XLIX.
733 3122 794 3172 Je
828 3138 937 3169 sens
960 3121 1193 3170 tres-bien
1219 3138 1310 3186 que
1328 3123 1540 3187 J’insiste
1574 3126 1849 3188 longtemps
1874 3140 1960 3173 aur
1983 3125 2066 3173 des
2091 3125 2312 3175 hommes

463 3216 545 3278 qui
570 3216 793 3263 dont-eu
811 3217 865 3264 ni
900 3216 951 3263 la
979 3217 1251 3280 reputation
1274 3218 1328 3265 ni
1365 3219 1410 3265 le
1433 3219 1587 3266 taient
1609 3217 1896 3278 &oratum-s,
1920 3224 1972 3266 et
1986 3233 2080 3280 que
2098 3218 2151 3281 je
2173 3234 2310 3281 passe

463 3321 574 3353 sous
594 3307 773 3354 silence
794 3306 878 3354 deo
901 3322 1041 3356 nome
1062 3310 1257 3357 anclens
1277 3310 1363 3371 qui
1381 3309 1710 3376 nteriteraient
1728 3325 1825 3358 une
1848 3310 2065 3359 mention
2088 3316 2137 3357 et
2152 3313 2311 3360 meme

465 3398 546 3445 des
570 3400 728 3463 &loges
765 3416 778 3445 ε
815 3401 938 3448 mais
965 3416 1044 3448 ees
1077 3416 1217 3450 noms
1250 3417 1329 3450 me
1369 3403 1750 3451 sontinconnus.
1782 3402 1931 3464 Quels
1961 3405 2213 3453 souvenirs
2247 3419 2310 3454 en
