2592 4084
294 503 519 567 inquam,
544 502 712 558 Brute,

295 584 535 633 magnum
555 584 697 616 usum
717 569 848 631 juris
875 569 1037 617 civilis

276 635 451 682 fuisse
473 643 524 683 et
543 635 674 699 apud
692 635 955 685 Scaevolam

294 709 345 748 et
365 701 499 763 apud
523 702 702 749 multos
720 719 734 757 ς

292 775 455 815 artem
478 769 529 815 in
564 767 656 815 hoc
677 782 775 815 uno
800 783 813 813 ι

293 833 431 895 quod
467 849 715 896 nunquam
742 833 974 882 effecisset

295 900 507 947 scientia
523 900 654 961 juris
687 900 861 962 ipsius,

292 966 396 1013 nisi
435 965 683 1014 didicisset
701 972 930 1029 praeterea

292 1045 405 1079 eam
424 1039 579 1079 artem

295 1112 407 1159 quae
433 1099 623 1147 doceret

292 1163 513 1212 tribuere
536 1180 640 1213 rem
665 1164 941 1213 universam

290 1229 348 1278 in
366 1239 549 1293 partes,

293 1298 542 1359 explicare
565 1296 837 1345 definiendo

292 1360 544 1423 latentem,

295 1430 562 1491 explanare
581 1427 945 1492 interpretando

292 1494 555 1543 obscuram
574 1514 587 1551 ς

293 1561 462 1609 videre
485 1564 698 1624 primum
715 1561 966 1624 ambigua,

294 1625 471 1674 deinde
505 1627 836 1692 distinguere;

289 1703 540 1755 postremo
572 1694 750 1741 habere
792 1694 1034 1756 regulam,

295 1772 528 1821 quavera
545 1766 593 1806 et
615 1760 740 1808 falsa

290 1823 637 1886 judicarentur
657 1849 672 1892 3

289 1898 346 1938 et
368 1907 480 1953 quae
500 1902 658 1939 essent
676 1891 1034 1955 consequentia,

295 1971 505 2018 quaeque
525 1972 624 2005 non
648 1964 822 2016 essent,

293 2023 481 2084 quibus
513 2023 698 2084 positis.

293 2088 396 2134 Hic
421 2087 551 2134 enim
595 2089 760 2137 attulit

292 2153 431 2201 hanc
468 2160 640 2215 artem,

295 2221 437 2281 quasi
462 2222 731 2268 maximam
757 2221 913 2270 lucem

294 2286 520 2333 omnium
539 2288 738 2341 artium,

292 2352 358 2399 ad
387 2368 462 2408 ea,

292 2434 404 2479 quae
429 2425 515 2466 aut
534 2419 968 2482 respondebantur,

296 2494 382 2531 aut
403 2487 677 2547 agebantur
702 2486 905 2535 confuse

298 2552 361 2598 ab
396 2552 532 2599 aliis.

362 2616 521 2666 XLII.
555 2617 753 2665 Videris
775 2618 915 2677 mihi,

293 2682 470 2745 inquit,

300 2748 455 2796 dicere
487 2749 807 2798 dialecticam.

296 2840 362 2850 —
403 2815 647 2879 Intelligis
688 2823 834 2876 recte,

296 2880 518 2943 inquam,

299 2948 379 2993 sed
402 2947 635 3009 adjunxit
654 2949 799 2995 etiam

299 3020 347 3059 et
367 3016 621 3061 scientiam
645 3015 937 3071 litterarum,

298 3088 345 3125 et
376 3081 670 3142 elegantiam
692 3082 940 3144 loquendi,

299 3160 406 3206 quae
427 3154 582 3209 potest

301 3212 505 3274 perspici
524 3212 755 3261 facillime

301 3291 361 3323 ex
379 3279 569 3339 scriptis
590 3279 713 3340 ejus,

298 3356 506 3402 qnorum
528 3346 668 3391 nulla
691 3353 810 3393 sunt
831 3346 1029 3394 similia.

304 3407 556 3471 Quumque
575 3410 781 3460 dedisset
799 3427 993 3476 operam

302 3487 450 3520 causa
472 3474 685 3524 discendi

304 3537 491 3589 duobus
515 3544 836 3605 peritissimis,

584 3649 798 3689 BRUTUS

1090 384 1352 431 BRUTUS.
2053 374 2149 429 161

1088 502 1253 563 dis-je,
1281 502 1483 563 Brutus,

1088 583 1186 617 une
1204 570 1388 631 grande
1417 569 1634 652 pratiffiue
1656 571 1721 618 du
1740 571 1871 622 droit
1894 573 2009 624 civil

1089 636 1227 684 avoir
1246 636 1320 682 ete
1341 642 1389 682 et
1409 636 1529 683 dans
1558 638 1770 699 bcevola,

1089 707 1137 748 et
1172 701 1291 747 dans
1316 702 1560 762 beaucoup
1584 721 1597 759 ς

1088 767 1140 814 la
1160 768 1343 814 them-ie
1367 767 1482 815 chez
1509 768 1709 816 celui-ci
1734 771 1835 818 seul
1867 789 1879 817 ι

1093 836 1330 895 chose-que
1355 833 1568 882 n'aurait
1588 835 1767 897 jamais
1784 837 2007 899 produite

1091 898 1142 946 la
1170 902 1357 946 science
1379 899 1441 947 du
1466 901 1597 947 droit
1615 904 1797 958 meme,

1091 966 1172 1013 s’il
1189 966 1373 1013 n’avait
1397 968 1559 1029 appris
1582 974 1802 1015 en-outre

1090 1039 1167 1079 cet
1185 1042 1262 1080 art

1088 1098 1171 1159 qui
1199 1098 1584 1161 put-apprendro

1088 1165 1118 1210 a
1156 1164 1417 1212 distribuet
1464 1181 1560 1214 une
1599 1165 1742 1214 chose
1786 1168 1966 1215 enti'ere

1085 1245 1146 1277 en
1180 1246 1245 1277 ses
1267 1233 1460 1291 parties,

1090 1297 1122 1343 a
1145 1295 1398 1344 decouvrir
1419 1313 1507 1360 par
1529 1296 1866 1347 sa-definition

1093 1362 1376 1432 elle-cachee
1400 1367 1471 1423 (ce
1496 1366 1578 1425 qui
1602 1370 1674 1411 est
1696 1365 1879 1425 cache),

1092 1429 1122 1474 a
1143 1429 1369 1476 eclaircir
1399 1430 1922 1493 par-l'interpretation

1089 1496 1406 1542 olle-obscure
1430 1512 1503 1543 ace
1525 1496 1608 1558 qui
1627 1505 1700 1544 est
1722 1498 1943 1559 obscur);

1092 1561 1123 1606 ὲ,
1148 1561 1254 1607 voir
1276 1561 1478 1608 d’abord
1501 1563 1572 1608 les
1605 1563 1915 1626 equivoquoe,

1091 1627 1280 1674 ensuite
1309 1629 1338 1673 a
1364 1631 1424 1673 les
1450 1627 1719 1691 distinguer
1729 1646 1744 1693 3

1092 1692 1219 1739 enfin
1243 1695 1273 1740 a
1294 1693 1514 1755 posseder
1533 1709 1629 1741 une
1650 1697 1802 1757 regle,

1090 1772 1157 1805 au
1178 1759 1687 1823 moyen-de-laquelle
1706 1763 1752 1810 le
1769 1761 1872 1809 vrai
1895 1768 1943 1809 et
1953 1762 2007 1809 le
2026 1760 2146 1810 faux

1092 1824 1277 1873 fussent
1293 1826 1473 1890 jugesg

1090 1898 1140 1937 et.
1172 1892 1351 1952 quelles
1372 1894 1550 1939 etaient
1567 1893 1638 1940 les
1665 1897 2018 1956 consequences

1091 1962 1139 2003 et
1160 1957 1341 2018 quelles
1365 1958 1594 2005 n'etaient
1612 1974 1716 2021 pas,

1092 2025 1410 2081 ces-premissas
1434 2025 1567 2072 etant
1598 2028 1779 2088 posees.

1091 2088 1186 2136 Car
1205 2090 1242 2136 il
1267 2105 1299 2136 a
1326 2093 1523 2151 apperte

1092 2164 1168 2202 cet
1195 2164 1288 2212 art,

1093 2235 1278 2267 comme
1302 2222 1351 2267 la
1378 2222 1486 2283 plus
1507 2222 1614 2270 vive
1628 2222 1833 2271 lumiere

1095 2286 1152 2333 de
1174 2294 1281 2333 tous
1306 2287 1375 2333 les
1406 2294 1528 2344 arts,
1856 2295 1860 2300 '

1091 2367 1216 2413 pour
1237 2358 1567 2414 ces-malichu,

1091 2419 1177 2479 qui
1203 2435 1266 2467 ou
1291 2419 2145 2479 etaient-matiere·a·consultations‚

1091 2499 1157 2531 ou
1180 2486 1358 2532 etaient
1391 2485 1599 2546 plaidees
1617 2485 1951 2534 confusement

1089 2565 1177 2613 par
1200 2552 1269 2598 les
1290 2559 1469 2598 autres.

1154 2617 1310 2671 XLII.
1345 2617 1421 2665 Tu
1439 2632 1517 2664 me
1537 2618 1717 2680 paruis,

1090 2681 1237 2739 dit-il,

1088 2749 1249 2811 parler
1268 2749 1327 2795 de
1348 2749 1400 2796 la
1424 2748 1729 2812 dialectique.

1085 2841 1153 2852 —
1176 2816 1253 2863 Tu
1275 2815 1559 2878 comprenda
1585 2817 1712 2873 bien,

1089 2881 1264 2945 dis-,503

1086 2948 1212 2995 mais
1234 2950 1272 2997 il
1297 2948 1467 3011 ajouta
1489 2963 1659 2997 encore

1087 3023 1135 3061 et
1157 3015 1211 3063 la
1232 3016 1576 3064 connaissance
1598 3015 1657 3063 de
1675 3016 1724 3064 la
1745 3014 2035 3072 litterature,

1088 3086 1137 3127 et
1169 3097 1264 3129 une
1288 3082 1519 3145 elegance
1551 3080 1610 3129 de
1632 3083 1775 3145 style,

1088 3148 1171 3208 qui
1186 3156 1299 3210 peut

1087 3216 1188 3261 etre
1217 3230 1421 3279 apex-cue
1448 3213 1845 3263 tres-facilement

1090 3279 1278 3342 d'apres
1301 3283 1371 3330 les
1394 3283 1537 3329 ecrits
1559 3279 1618 3327 de
1639 3279 1734 3338 lui,

1087 3349 1325 3407 auxquels
1353 3363 1537 3395 aucuns
1569 3361 1627 3393 no
1643 3351 1754 3393 sont
1779 3343 2085 3392 semblables.

1089 3412 1154 3459 Et
1174 3426 1359 3460 comme
1381 3415 1419 3461 il
1443 3413 1573 3461 avait
1588 3413 1720 3476 prete
1742 3425 1824 3459 son
1842 3410 2079 3459 attention

1086 3490 1211 3538 pour
1232 3480 1498 3542 apprendre

1091 3543 1121 3589 a
1147 3543 1492 3593 deux-hommes
1511 3543 1844 3602 tres-habiles,

1795 3637 1855 3686 11
