2592 4084
282 449 356 496 Cn
365 480 377 493 .
394 446 597 496 Octavio
609 444 801 507 collega
814 443 1026 504 sedente,

289 514 374 574 qui
400 513 652 561 devinctus
673 516 776 558 erat
800 509 962 557 fasciis

288 590 334 627 et
357 579 607 627 delibutus

283 645 457 692 multis
494 641 874 697 medicamentis,

290 731 312 755 «ι
327 712 617 773 Nunquam,
631 709 790 771 inquit
796 744 808 769 ,
834 705 1025 766 Octavi,

283 779 468 825 referes
491 778 702 840 gratiam

287 852 372 892 tuo
408 844 637 904 collegae3

285 911 383 958 nisi
401 911 486 972 qui
507 909 792 972 jactavisset
811 922 862 955 se

289 992 379 1024 suo
404 991 559 1032 more,

286 1057 471 1090 muscae
500 1039 819 1090 comedissent
851 1045 898 1088 te

286 1109 437 1155 hodie
459 1109 586 1155 istic.
618 1125 643 1151 s

286 1174 528 1222 Memoria
551 1181 710 1224 autem

286 1241 387 1287 fuit
406 1240 476 1287 ita
494 1239 650 1296 nulla,

286 1315 346 1353 ut
370 1305 640 1368 aliquoties,

288 1387 438 1434 quum
466 1371 787 1434 proposuisset
809 1369 929 1429 tria,

288 1447 378 1485 aut
404 1438 598 1488 adderet
624 1444 867 1500 quartum,

286 1512 377 1552 aut
411 1512 646 1566 quaereret
692 1504 889 1553 tertium
910 1517 924 1558 ;

289 1571 375 1632 qui
410 1570 667 1632 injudicio
700 1570 892 1632 privato

287 1637 365 1684 vel
400 1636 634 1691 maximo,

286 1716 442 1764 quum
466 1716 557 1764 ego
582 1700 927 1764 peroravissem

288 1784 379 1828 pro
402 1769 587 1817 Titinia
618 1767 790 1826 Cottas,

285 1834 376 1881 ille
399 1834 578 1882 diceret
599 1840 771 1880 contra
792 1845 870 1879 me

285 1915 377 1963 pro
409 1899 511 1948 Ser.
542 1899 728 1956 Naevio,

287 1966 474 2013 oblitus
484 1971 555 2012 est
569 1964 730 2013 subito

286 2045 492 2079 oausam
511 2037 680 2087 totam,

291 2096 579 2158 dicebatque
608 2095 658 2143 id
679 2110 782 2144 esse
808 2093 989 2143 factum

286 2161 533 2210 veneficiis

288 2238 340 2275 et
368 2229 679 2276 cantionibus
708 2227 923 2276 Titiniae.

285 2294 409 2343 Haec
429 2311 613 2358 magna
636 2295 776 2358 signa

286 2362 471 2424 ingenii
502 2361 837 2418 immemoris;

289 2429 372 2476 sed
391 2428 518 2476 nihil
551 2431 756 2490 turpius,

289 2508 435 2555 quam
467 2493 594 2559 quod
625 2493 990 2541 oblivisceretur

287 2562 433 2606 etiam
459 2561 509 2607 in
535 2560 744 2622 scriptis,

291 2626 407 2687 quid
426 2627 663 2688 posuisset
679 2626 848 2689 paullo
870 2633 983 2674 ante
1005 2642 1018 2683 ς

286 2692 417 2740 utin
440 2709 495 2739 eo
522 2693 668 2750 libro,

289 2759 373 2806 ubi
397 2757 515 2806 facit
533 2773 582 2806 se
605 2758 955 2819 colloquentem

287 2831 334 2871 et
367 2840 477 2871 cum
512 2833 676 2872 nostro
710 2824 897 2882 Pansa,

286 2898 334 2938 et
367 2905 479 2938 cum
513 2891 722 2940 Curione
755 2890 858 2939 filio

285 2957 455 3018 (quum
491 2957 654 3006 Caesar
684 2956 853 3005 consul

284 3021 535 3071 habuisset
567 3025 834 3084 senatum),

284 3090 536 3151 omnisque
560 3090 646 3137 ille
672 3104 827 3137 sermo
852 3086 1029 3137 ductus

286 3169 312 3202 e
343 3157 733 3217 percunctatione
761 3155 852 3204 filii

284 3222 403 3282 quid
424 3229 587 3271 actum
618 3227 743 3270 esset
766 3223 817 3270 in
833 3228 1022 3270 senatu.

280 3287 445 3346 Quum
469 3288 615 3339 Curio
637 3288 940 3336 inveheretur

281 3367 335 3399 in
361 3368 456 3413 quo

283 3419 452 3465 multis
476 3422 632 3469 verbis

281 3492 335 3540 in
363 3482 597 3535 Caessrem
612 3519 628 3546 ‚

1075 325 1317 371 BRUTUS
1327 354 1340 369 .

2018 314 2130 369 237

1080 443 1171 491 Cn.
1198 441 1428 492 Octavius
1452 458 1535 490 son
1552 442 1772 505 collegue
1799 443 1933 490 etant
1952 441 2095 503 assis,

1082 510 1165 571 qui
1188 511 1306 558 etait
1318 508 1577 573 enveloppe
1602 509 1660 557 de
1683 508 1927 571 bandages

1081 583 1129 623 et
1154 583 1353 623 convert

1083 641 1142 689 de
1167 642 1417 703 beaucoup
1451 639 1774 702 &amplam-es,

1087 726 1110 751 ι
1132 707 1341 765 Jamais,
1383 706 1535 765 dit-il,
1566 705 1785 756 Octavim

1081 779 1136 821 tu
1158 790 1215 822 m
1240 788 1502 837 prouveras
1523 778 1576 821 ta
1597 786 1994 823 reconnaissance

1082 841 1112 887 a
1135 847 1221 889 ton
1242 841 1492 904 collegue3

1081 907 1123 953 si
1146 906 1334 955 celui-ci
1358 922 1420 953 ne
1440 907 1597 953 s’etait
1619 905 1820 953 balance

1081 972 1214 1020 selon
1240 988 1327 1021 son
1354 972 1602 1029 habitude‚

1079 1039 1148 1086 les
1178 1039 1406 1087 mouchss
1425 1040 1647 1087 aui-aient
1670 1038 1843 1087 devote
1864 1036 1931 1085 toi

1079 1105 1391 1167 aujourd’hui
1413 1105 1492 1153 ici.
1520 1125 1543 1149 ι

1079 1171 1205 1220 Mais
1227 1189 1279 1219 sa
1314 1171 1544 1220 memoire

1081 1235 1159 1284 fut
1190 1237 1234 1285 si
1259 1238 1411 1294 nulle,

1083 1316 1177 1366 que
1211 1305 1451 1367 plusieurs
1473 1303 1585 1357 fois,

1083 1371 1246 1430 quand
1282 1371 1320 1417 il
1343 1370 1474 1417 avait
1493 1371 1713 1417 annones
1746 1372 1867 1417 trois
1895 1372 2130 1429 divisium,

1083 1450 1146 1483 ou
1169 1436 1205 1482 il
1227 1451 1281 1482 en
1303 1436 1509 1496 aj0utait
1530 1450 1624 1481 une
1647 1437 1930 1496 quatrieme,

1083 1515 1147 1547 ou
1170 1501 1416 1549 cherchait
1438 1502 1490 1549 la
1508 1500 1753 1548 troisieme
1766 1522 1781 1566 ;

1081 1567 1280 1615 celui-ci
1313 1569 1434 1614 dans
1454 1582 1546 1614 une
1567 1581 1710 1615 cause
1729 1567 1890 1631 prives

1082 1636 1240 1681 meme
1259 1636 1708 1695 tres-importanter

1081 1714 1267 1746 comme
1281 1701 1453 1761 j’avais
1477 1699 1636 1761 plaide

1080 1781 1200 1827 pour
1231 1767 1434 1814 Titinia·
1450 1763 1905 1830 femme-de-Cotta,

1080 1840 1119 1878 et
1147 1833 1218 1879 lui
1242 1833 1420 1894 parlait
1446 1841 1613 1880 contre
1628 1828 1728 1881 moi

1079 1913 1203 1959 pour
1225 1899 1327 1946 Ser.
1363 1898 1579 1955 Naevius‚

1080 1964 1244 2011 oublia
1267 1973 1369 2013 tout
1383 1967 1412 2012 ὲ
1436 1979 1558 2025 coup

1078 2045 1137 2076 sa
1157 2045 1299 2077 cause
1322 2030 1649 2091 tout-endere,

1080 2103 1129 2143 et
1147 2096 1290 2144 disait
1311 2098 1414 2144 cela
1439 2096 1576 2145 avoir
1593 2098 1668 2145 ete
1695 2096 1891 2160 produit

1080 2178 1167 2224 par
1183 2163 1252 2212 les
1275 2164 1527 2226 sortileges

1076 2237 1127 2276 et
1151 2230 1218 2275 les
1236 2229 1629 2278 enchantements
1651 2232 1709 2280 de
1726 2232 1929 2283 Titinia.

1080 2294 1145 2344 Ce
1164 2305 1269 2343 som
1304 2298 1361 2343 de
1380 2296 1561 2359 grands
1590 2299 1753 2360 signes

1081 2360 1225 2409 d’une
1248 2363 1480 2410 memoire
1497 2362 1692 2411 infidele
1716 2382 1729 2421 3

1080 2428 1206 2474 mais
1222 2428 1329 2475 rien
1357 2428 1472 2476 n’ost
1493 2429 1602 2491 plus
1624 2429 1861 2490 honteux‚

1081 2508 1174 2555 que
1199 2494 1490 2556 ce-fait-que
1505 2495 1542 2543 il
1558 2495 1766 2545 oubliait

1078 2562 1234 2608 meme
1262 2560 1381 2607 dant
1397 2577 1466 2608 ses
1487 2562 1653 2620 eci-its,

1078 2641 1132 2673 cs
1169 2625 1291 2689 qu'il
1316 2627 1449 2674 avait
1471 2630 1651 2675 avance
1691 2644 1758 2676 un
1780 2644 1874 2691 peu
1896 2636 2061 2688 avant,

1077 2707 1263 2740 comme
1286 2693 1407 2741 dans
1428 2709 1482 2741 ce
1508 2694 1647 2752 livre,

1077 2760 1141 2807 ou
1160 2760 1197 2806 il
1223 2759 1345 2806 seint
1368 2760 1440 2807 soi
1458 2766 1747 2809 conversant

1073 2833 1122 2873 et
1145 2840 1260 2873 avec
1281 2832 1419 2874 notre
1443 2825 1621 2886 Pansa,

1076 2897 1124 2939 et
1138 2907 1259 2959 *avec
1276 2892 1460 2941 Curion
1481 2892 1527 2940 le
1548 2892 1627 2940 fils

1078 2958 1286 3020 (lorsque
1309 2959 1457 3007 Cesar
1478 2958 1649 3007 consul

1077 3026 1209 3072 avait
1236 3024 1425 3086 preside
1450 3025 1496 3072 le
1525 3023 1698 3087 senat),

1076 3097 1124 3137 et
1155 3098 1262 3138 tout
1286 3098 1361 3138 cet
1384 3093 1620 3138 entretien
1644 3099 1706 3139 σεε
1727 3090 1818 3139 tire

1080 3155 1136 3204 de
1164 3158 1214 3204 la
1238 3157 1458 3218 question
1485 3156 1551 3204 du
1575 3156 1654 3205 fils

1078 3238 1162 3270 sur
1179 3238 1232 3269 ce
1251 3224 1336 3284 qui
1360 3220 1516 3270 s'etait
1536 3224 1676 3284 passe
1692 3234 1758 3271 au
1780 3223 1935 3272 senat.

1077 3289 1276 3338 Comme
1296 3288 1480 3336 Curion
1504 3289 1714 3338 s’elevait

1079 3354 1198 3401 dans
1218 3360 1294 3401 oet
1327 3355 1558 3402 entretien

1062 3426 1137 3468 'en
1171 3422 1417 3483 beaucoup
1440 3420 1498 3468 de
1523 3427 1649 3469 mots

1078 3494 1242 3536 contre
1275 3485 1439 3546 Cesar,
