2592 4084
338 578 372 614 a
402 562 738 624 multitudine,

339 631 428 680 alii
456 638 619 678 autem
653 631 715 678 ab
747 627 811 677 ii·

340 698 426 761 qui
462 694 778 759 intelligunt?

342 790 409 801 —
444 763 667 824 Requiris
698 769 846 822 recte,

345 831 564 892 inquam,
596 828 783 886 Attice·

344 898 428 944 sed
463 896 629 943 audies
663 897 868 944 fortasse
892 909 954 943 ex
987 911 1083 955 me,

344 961 478 1025 quod
499 977 666 1009 omnes
691 976 791 1009 non
812 964 1037 1027 probent.

342 1055 411 1066 —
431 1026 511 1076 An
539 1034 613 1088 ιιι,
642 1029 820 1091 inquit,

342 1095 538 1144 laboras
570 1094 638 1146 id,

345 1161 387 1209 si
407 1175 457 1207 es
479 1162 768 1221 probaturus

345 1227 461 1274 huic
493 1225 646 1274 Bruto
670 1226 855 1275 modo?

348 1318 406 1328 —-
442 1292 597 1341 Multo
636 1294 827 1352 malim,
865 1294 1082 1357 inquam,

347 1356 524 1415 Attice.

348 1420 477 1471 hane
509 1423 885 1484 disputationem

354 1487 408 1537 de
444 1498 630 1537 oratore
664 1490 932 1552 probando,

349 1562 434 1603 aut
466 1557 805 1618 improbando,

347 1621 538 1683 plaeere
553 1623 640 1670 tibi
663 1631 713 1671 et
739 1623 921 1681 Brut03

348 1689 496 1736 velim
531 1695 693 1737 autem

351 1769 508 1802 meam
543 1756 871 1816 eloquentiam

351 1820 547 1881 probari
579 1823 779 1884 populo.

349 1885 552 1935 Necesse
573 1893 647 1935 est
668 1890 820 1947 enim,

351 1953 435 2015 qui
471 1951 600 1999 dicat
631 1954 702 2000 ita

353 2027 410 2065 ut
443 2018 674 2079 probetur
706 2034 736 2065 a
760 2020 1091 2083 multitudine,

356 2082 578 2130 eumdem
601 2079 797 2147 probari
821 2085 991 2135 doctis.

353 2149 483 2197 Nam
516 2164 606 2212 ego
637 2151 871 2212 judicabo

355 2215 473 2278 quid
496 2218 559 2263 sit
581 2223 767 2265 rectum
788 2226 875 2266 aut
895 2232 1098 2282 pravum

356 2284 411 2330 in
448 2282 676 2341 dicendo,

355 2351 396 2397 si
430 2348 576 2396 modo
610 2364 720 2396 sum
754 2349 797 2396 is

357 2415 439 2478 qui
462 2416 641 2477 possim
668 2423 756 2463 aut
784 2417 936 2468 seiam

352 2481 575 2544 judicare
612 2481 688 2540 id3

358 2549 533 2610 poterit
566 2562 679 2597 vero
713 2549 946 2614 intelligi,

358 2614 516 2677 qualis
551 2616 616 2662 sit
647 2621 832 2675 orator,

360 2695 421 2729 ex
454 2695 531 2741 eo,

363 2746 493 2809 quod
515 2748 557 2794 is
579 2746 752 2796 efficiet
776 2748 1000 2797 dicendo.

361 2811 480 2862 Tria
513 2814 640 2861 enim
670 2821 788 2862 sunt

363 2881 442 2940 (ιιι
463 2879 657 2942 quidem
684 2893 776 2943 ego
796 2881 988 2944 sentio),

365 2958 476 3007 quae
494 2947 595 2994 sint
607 2944 864 2995 efficienda
877 2945 1099 2997 dicendo·

363 3018 421 3059 ut
451 3010 496 3059 is
532 3012 783 3072 doceatur,

364 3076 496 3140 apud
528 3092 670 3141 quem
703 3078 907 3137 dicetur,

365 3150 422 3192 ut
455 3144 741 3202 delectetur,

366 3216 422 3257 ut
448 3217 699 3259 moveatur
726 3209 1076 3262 vehementius.

366 3276 560 3338 Aliquis
580 3276 758 3325 artifex
781 3276 1021 3339 judicabit

367 3340 544 3403 quibus
565 3342 830 3391 virtutibus
845 3347 1054 3394 oratoris

370 3407 581 3469 quidque
605 3409 783 3457 horum
804 3408 1069 3472 efficiatur,

373 3479 458 3520 aut
479 3473 655 3535 quibus
676 3476 806 3524 vitiis
839 3484 1003 3526 orator

373 3544 460 3586 aut
478 3554 573 3586 non
596 3549 880 3603 assequatur
902 3542 1028 3603 haeo,

374 3614 459 3652 aut
487 3606 630 3653 etiam
659 3607 851 3655 labatur

1138 437 1402 485 BRUTUS.
2020 464 2024 469 .
2082 420 2189 475 197

1140 572 1229 621 par
1251 557 1304 604 la
1328 555 1609 614 multitude,

1141 623 1305 672 tendis
1324 637 1418 686 que
1440 623 1508 670 les
1526 630 1688 670 autres
1710 624 1751 668 lo
1774 626 1876 668 eom
1895 631 1984 682 par
2005 631 2132 667 oeux

1141 690 1224 753 qui
1243 690 1280 736 ε’
1282 706 1313 751 y
1337 685 1679 737 connaissent?

1140 782 1208 793 —
1234 756 1314 805 Tu
1343 757 1650 818 questionnes
1675 751 1997 813 aveo-raison,

1143 823 1311 884 dis-je,
1348 822 1567 877 Atticus·

1141 890 1264 937 mais
1284 896 1339 937 tu
1358 888 1617 937 entendras
1639 886 1878 949 pent-Stre
1901 884 1960 932 de
1976 883 2094 939 moi,

1139 955 1517 1018 une-chose-que
1533 961 1643 1003 tous
1667 970 1698 1000 n
1704 952 2072 1015 ’approuveront
2091 962 2196 1011 pas.

1141 1048 1209 1060 —
1231 1022 1400 1071 Est-ee
1417 1037 1511 1084 que
1536 1024 1622 1080 toi,
1648 1019 1742 1068 dit-
1746 1020 1802 1077 il,

1142 1099 1197 1138 tu
1220 1088 1498 1151 t’inquietes
1523 1087 1584 1137 de
1609 1087 1725 1147 oeoi,

1141 1156 1184 1204 si
1207 1162 1262 1203 tu
1283 1171 1334 1204 es
1356 1151 1963 1215 devant-la-faire-agreer

1145 1224 1203 1272 de
1228 1237 1282 1269 ee
1302 1222 1484 1269 Brutus
1507 1217 1809 1270 seulement?

1142 1288 1488 1338 -J’aimerais
1504 1288 1617 1337 bien
1630 1288 1816 1345 mieux,
1840 1284 2005 1348 dis-je,

1143 1354 1358 1410 Atticus,

1143 1426 1265 1469 oette
1291 1421 1567 1470 discussion

1145 1502 1230 1535 sur
1246 1486 1281 1534 1’
1285 1494 1480 1536 orateur
1501 1489 1701 1536 devant·
1706 1459 2090 1547 &tre-approuve,
2150 1529 2156 1535 .

1147 1568 1210 1600 ou
1233 1553 1536 1603 devant-‘etro
1558 1554 1823 1616 desapprou
1832 1554 1885 1598 ve

1145 1619 1299 1682 plaire
1317 1621 1348 1667 a
1365 1621 1433 1668 toi
1457 1628 1504 1667 et
1526 1621 1556 1668 a
1581 1621 1792 1683 Brutus3

1148 1687 1270 1733 mais
1289 1687 1341 1747 je
1362 1686 1590 1735 voudrais

1146 1768 1261 1800 mon
1282 1754 1545 1816 eloquenoe

1147 1822 1247 1867 stre
1263 1822 1535 1881 approuvee
1560 1819 1626 1867 du
1643 1816 1831 1879 peuple.

1148 1884 1244 1934 Car
1266 1885 1305 1933 il
1330 1897 1404 1934 est
1431 1886 1718 1945 neeessaire‚

1150 1951 1292 1998 celui·
1277 1953 1385 2013 -qui
1411 1954 1547 2013 parle
1580 1952 1639 1998 de
1661 1949 1776 1997 telle
1800 1954 1931 1998 sorte

1150 2031 1215 2079 qu
1218 2018 1270 2065 ’il
1290 2018 1387 2065 soit
1408 2019 1648 2082 approuve
1677 2016 1734 2064 de
1756 2016 1806 2063 la
1826 2012 2108 2072 multitude,

1149 2083 1223 2130 le·
1225 2086 1379 2131 meme
1404 2088 1504 2134 &tre
1526 2084 1769 2147 approuve
1787 2081 1869 2129 des
1893 2086 2107 2129 savants.

1152 2148 1286 2197 Car
1266 2164 1320 2213 Je
1332 2150 1524 2214 jugerai

1151 2218 1264 2278 quoi
1293 2225 1367 2265 est
1384 2218 1480 2265 bon
1505 2233 1569 2267 ou
1596 2216 1835 2268 mauvais

1152 2296 1212 2329 en
1234 2285 1446 2345 pal-lant,

1152 2350 1193 2395 si
1216 2348 1445 2397 toutefois
1463 2347 1513 2411 je
1531 2348 1634 2397 suis
1660 2347 1725 2397 tel

1156 2427 1248 2476 que
1269 2415 1319 2476 je
1341 2417 1502 2478 puisse
1522 2430 1587 2462 ou
1605 2415 1656 2478 Je
1676 2412 1821 2464 sache

1153 2482 1300 2543 juger
1316 2482 1449 2538 cela·

1092 2587 1097 2593 .
1157 2550 1280 2594 mais
1306 2563 1369 2596 on
1389 2561 1568 2611 pourra
1592 2503 1929 2610 comprendi-e,

1157 2627 1336 2676 oe-que
1356 2621 1473 2662 vaut
1497 2629 1564 2661 un
1585 2622 1800 2677 orateur,

1158 2680 1201 2727 d’
1207 2681 1346 2742 apres
1370 2682 1385 2728 l
1390 2679 1517 2729 ’effet

1158 2747 1278 2809 qu'il
1303 2747 1536 2809 produira
1559 2762 1619 2794 en
1640 2749 1849 2809 parlant.

1157 2812 1254 2861 Car
1273 2815 1395 2862 trois
1418 2814 1589 2863 ehoses
1610 2820 1722 2863 sont

1155 2878 1363 2942 (oomme
1381 2880 1447 2928 du
1469 2880 1628 2929 moins
1647 2883 1698 2944 Je
1715 2886 1757 2930 ιο
1772 2881 1956 2944 pense),

1158 2946 1243 3008 qui
1271 2954 1384 2995 sont
1406 2947 1701 2997 devant-etro
1725 2946 1868 2996 faites
1893 2961 1951 2995 en
1978 2942 2175 3009 pai-lant
2200 2956 2217 2988 ι

1159 3026 1253 3074 que
1274 3014 1481 3061 celui-lb
1503 3014 1598 3060 soit
1620 3014 1842 3078 instruit,

1159 3076 1338 3126 devant
1356 3079 1440 3158 qui
1458 3094 1522 3127 on
1543 3081 1755 3141 parlers,

1161 3159 1227 3207 qu
1230 3145 1280 3193 ’il
1301 3146 1396 3193 soit
1419 3144 1631 3203 oharme,

1161 3225 1226 3272 qu
1228 3211 1283 3259 'il
1310 3214 1403 3260 soit
1426 3213 1539 3259 emu
1558 3212 1834 3261 fortement.

1161 3276 1242 3326 Un
1273 3278 1592 3325 connaisseur
1609 3277 1786 3343 jugera

1161 3358 1249 3406 par
1272 3344 1458 3405 quelles
1477 3344 1684 3404 qualites
1706 3345 1764 3392 de
1785 3343 2020 3392 l'orateur

1161 3410 1379 3457 ohaoune
1402 3410 1461 3457 de
1482 3410 1758 3460 ees-ohoses
1774 3416 1849 3458 est
1875 3406 2125 3475 produite2

1161 3489 1226 3522 ou
1248 3490 1336 3538 par
1359 3475 1495 3537 quels
1517 3475 1705 3526 defauts
1723 3477 1958 3524 l’orateur

1167 3555 1233 3588 ou
1256 3543 1483 3587 n’utteint
1503 3557 1586 3603 pas
1610 3545 1641 3590 a
1662 3541 1983 3599 ees-meritos,

1170 3621 1234 3656 ou
1252 3609 1409 3654 meme
1430 3609 1677 3656 chanoelle
