2592 4084
468 235 581 288 352
1258 245 1525 290 BRUTUS.

465 366 572 405 non
599 349 815 419 infans3
847 349 1038 403 diserti
1067 356 1253 404 autem
1282 353 1348 417 Q.
1379 353 1598 420 Varius,
1629 353 1690 405 C.
1718 350 1916 420 Carbo,
1944 352 2045 405 Cn.
2074 355 2321 425 Pompo-

464 447 630 500 nius:
678 451 736 500 et
772 444 811 498 ii
848 444 1075 516 quidem
1112 445 1434 501 habitabant
1471 446 1530 500 in
1562 446 1774 501 rostris.
1816 447 1877 501 C.
1917 448 2087 501 etiam
2114 448 2319 521 Julius,

461 542 641 597 aedilis
686 542 915 607 curuliS‚
957 542 1205 626 quotidie
1244 543 1361 598 fere
1405 548 1688 598 accuratas
1722 542 2018 597 conciones
2054 543 2316 602 habebat.

459 640 569 695 Sed
614 655 703 695 me
752 640 1181 711 cupidissimum
1231 641 1494 697 audiendi
1540 641 1754 713 primus
1799 640 1962 696 dolor
2003 645 2316 716 percussit,

457 739 614 793 Cotta
641 752 815 808 quum
841 742 925 792 est
955 737 1218 809 expulsus
1244 757 1257 792 :
1289 737 1535 810 reliquos
1560 738 1885 809 frequenter
1903 738 2141 794 audiens
2166 756 2339 796 acer-⁴

456 834 595 889 rimo
621 834 802 890 studio
826 835 1080 906 tenebar,
1113 835 1475 908 quotidieque
1517 841 1573 891 et
1605 834 1878 907 scribenS,
1910 841 1967 891 et
2002 835 2224 909 legens,
2264 845 2320 895 et

455 942 831 990 commentans
848 978 862 1005 ,
921 935 1178 990 oratoriis
1222 940 1438 992 tantum
1489 934 1973 990 exercitationibus
2020 942 2318 992 contentus

455 1048 564 1087 non
602 1049 777 1089 eram.
808 1035 931 1088 Jam
964 1039 1342 1103 consequente
1374 1048 1516 1088 anno
1546 1034 1610 1100 Q.
1641 1032 1836 1088 Varius
1865 1049 1967 1088 sua
1999 1030 2128 1104 lege
2160 1034 2314 1090 dam-

455 1136 616 1185 natus
656 1135 988 1185 excesserat.
1016 1131 1132 1199 Ego
1166 1133 1386 1198 autem,
1424 1127 1571 1198 juris
1597 1127 1778 1184 civilis
1819 1126 2032 1199 studio,
2073 1129 2314 1184 multum

453 1241 639 1297 operae
673 1226 873 1282 dabam
908 1227 974 1292 Q.
1001 1225 1281 1295 Scaevolae,
1314 1227 1374 1279 P.
1406 1226 1494 1296 F„
1528 1224 1645 1297 qui,
1675 1239 1993 1296 quanquam
2018 1226 2230 1281 nemini
2254 1244 2313 1283 se

452 1323 524 1379 ad
565 1324 875 1379 docendum
916 1322 1110 1394 dabat,
1157 1328 1378 1393 tamen,
1430 1321 1847 1378 consulentibus
1889 1322 2308 1396 respondendo,

453 1421 733 1478 studiosos
785 1419 1050 1478 audiendi
1107 1419 1361 1476 docebat.
1416 1423 1593 1491 Atque
1650 1419 1782 1475 huic
1830 1434 1974 1474 anno
2024 1420 2311 1491 proximus

449 1516 603 1573 Sulla
641 1518 867 1574 consule
905 1523 963 1575 et
998 1519 1263 1590 Pompeio
1301 1518 1403 1573 fuit
1436 1534 1449 1571 z
1494 1524 1613 1574 tum
1656 1520 1722 1578 P.
1763 1517 1994 1588 Sulpicii
2034 1519 2094 1573 in
2133 1520 2309 1575 tribu-

450 1622 583 1672 natu
611 1616 856 1689 quotidie
885 1616 1265 1672 concionantis
1301 1620 1479 1671 totum
1503 1631 1681 1687 genus
1706 1614 1926 1670 dicendi
1959 1618 2188 1686 penitus
2225 1634 2311 1672 co-

446 1714 775 1784 gnovimus;
817 1712 1127 1784 eodemque
1168 1717 1420 1783 tempore
1441 1753 1456 1781 ,
1493 1726 1668 1783 quum
1702 1712 1962 1785 princeps
1993 1714 2310 1771 Academias

449 1906 663 1957 orateur,
692 1895 863 1944 n’etait
897 1894 1167 1957 cependant
1197 1909 1285 1957 pas
1318 1908 1434 1941 sans
1464 1894 1669 1957 quelque
1692 1894 1851 1942 taient
1876 1910 2002 1958 pour
2035 1897 2087 1943 la
2118 1898 2302 1959 parole.

447 1989 508 2049 Q.
535 1989 743 2044 Varius,
772 1988 829 2037 C.
855 1987 1075 2045 Carbon,
1111 1988 1202 2035 Cn.
1228 1987 1552 2051 Pomponius,
1581 1988 1630 2034 la
1656 1987 1931 2037 manisient
1948 2003 2073 2037 avec
2102 1990 2302 2038 facilite.

444 2082 591 2129 Aussi
618 2095 677 2127 ne
705 2078 1053 2141 quinniens-ils
1081 2094 1167 2141 pas
1191 2079 1240 2125 la
1263 2078 1476 2126 tribune.
1501 2080 1557 2128 C.
1589 2079 1776 2136 Julius,
1806 2078 1936 2128 edile
1966 2082 2162 2139 curule,
2190 2097 2307 2144 pro-

443 2172 640 2235 noneait
668 2185 869 2232 presque
887 2178 997 2218 tous
1019 2171 1090 2219 les
1109 2170 1250 2234 jours
1275 2171 1360 2219 des
1379 2171 1597 2221 discours
1617 2172 2010 2235 soigneusement
2030 2172 2303 2221 travailles.

441 2264 706 2316 J’ecoutais
734 2278 848 2311 avec
870 2263 917 2310 le
935 2263 1046 2326 plus
1077 2263 1282 2311 eurieux
1303 2273 1675 2327 empressement
1700 2270 1812 2310 tous
1832 2275 1956 2309 ceux
1982 2278 2075 2325 que
2093 2265 2145 2325 je
2162 2265 2306 2312 viens

442 2361 501 2409 de
524 2373 764 2416 nominer,
796 2359 991 2421 lorsque
1013 2358 1153 2406 l’exil
1176 2357 1234 2407 ds
1263 2358 1403 2408 Cotta
1429 2358 1629 2421 penetra
1652 2372 1767 2406 mon
1789 2372 1924 2406 coeur
1940 2357 2057 2404 d’un
2083 2358 2304 2417 premier

441 2454 664 2516 chagrin.
688 2451 929 2499 Auditeur
954 2449 1120 2498 assidu
1144 2449 1203 2498 de
1227 2466 1353 2499 eeux
1385 2451 1471 2513 qui
1500 2450 1731 2498 restaieut
1750 2484 1762 2508 ‚
1799 2450 1850 2513 je
1878 2463 1953 2498 me
1974 2448 2142 2497 livrais
2175 2464 2305 2500 aveo

439 2545 615 2594 ardeur
642 2545 673 2591 ὲ
692 2541 887 2600 l’etude‚
921 2550 968 2589 et
987 2541 1173 2604 chaque
1195 2546 1311 2604 jour
1329 2543 1565 2598 derivant,
1591 2542 1759 2604 lisaut,
1785 2540 1982 2589 truitaut
2001 2539 2086 2587 des
2113 2542 2299 2607 sujets,

435 2635 485 2698 je
511 2649 572 2682 ne
598 2648 673 2682 me
692 2634 893 2682 bornais
913 2649 999 2695 pas
1021 2648 1194 2681 encore
1217 2639 1346 2683 sees
1368 2636 1609 2686 exercices
1630 2636 1881 2684 oratoires.
1899 2633 2085 2683 Varius
2107 2635 2300 2698 venuit,

436 2724 627 2772 l'auuee
666 2724 907 2780 suivante,
947 2724 1097 2771 d’etre
1130 2725 1258 2771 exile
1287 2740 1349 2773 en
1385 2735 1526 2775 vertu
1560 2728 1617 2776 de
1655 2743 1711 2777 sa
1743 2743 1917 2792 propre
1950 2727 2038 2777 loi.
2073 2725 2155 2776 De
2182 2743 2315 2778 mon.

435 2817 560 2874 eote,
594 2816 770 2878 jaloux
796 2815 853 2864 de
882 2816 1184 2864 m'instruire
1209 2816 1332 2866 dans
1353 2818 1401 2866 le
1433 2819 1563 2870 droit
1585 2822 1728 2880 civil,
1755 2822 1809 2885 je
1830 2823 2017 2885 passais
2043 2822 2300 2885 beaucoup

434 2908 494 2957 de
513 2914 670 2971 temps
694 2910 868 2970 supres
894 2909 954 2956 de
976 2908 1036 2969 Q.
1066 2908 1294 2969 Scaevola,
1321 2911 1402 2960 fils
1418 2912 1481 2962 de
1504 2914 1729 2976 Publius,
1759 2915 1871 2978 qui,
1900 2931 2015 2964 sans
2039 2915 2161 2964 faire
2181 2929 2298 2978 pto·

432 2999 612 3048 fession
642 2998 965 3063 d’enseigner‚
997 3001 1253 3066 repondait
1281 3005 1549 3056 seulement
1571 3006 1734 3070 quand
1766 3007 1805 3055 il
1830 3007 1951 3056 etait
1975 3009 2210 3065 consulte,
2245 3015 2298 3059 et

433 3094 637 3143 donnait
664 3096 695 3142 ὲ
715 3108 838 3143 ceux
864 3097 947 3157 qui
971 3095 1235 3146 desirsient
1256 3099 1525 3151 l’entendre
1543 3101 1603 3149 de
1624 3106 1847 3151 savantes
1867 3101 2052 3165 legions.
2079 3102 2299 3152 L’anmSe

431 3187 516 3248 qui
540 3187 691 3236 suivit
714 3187 791 3235 fut
814 3189 935 3236 celle
960 3189 1044 3237 des
1072 3192 1269 3240 consuls
1303 3192 1442 3256 Sylla
1472 3203 1523 3242 et:¹
1553 3195 1831 3258 Pompeius.
1859 3195 2125 3259 Sulpicius,
2161 3195 2297 3244 alors

429 3280 627 3341 tribun,
664 3283 953 3345 prononosit
977 3281 1164 3346 cbsque
1196 3285 1312 3348 jour
1334 3285 1418 3334 des
1451 3285 1748 3351 harengues,
1788 3287 1855 3336 01'1
1883 3287 2094 3351 J’appris
2118 3289 2148 3335 ὲ
2170 3301 2295 3336 eou-

429 3376 589 3425 nattre
611 3374 644 3425 ὰ
662 3372 780 3424 fond
805 3388 893 3422 son
918 3389 1064 3438 gem-e
1091 3376 1418 3440 d‘eloquence.
1446 3379 1493 3428 A
1512 3379 1563 3427 la
1582 3381 1738 3427 meme
1759 3380 1967 3443 epoque,
2009 3381 2059 3429 le
2091 3380 2213 3431 chef
2237 3382 2295 3430 de
