2592 4084
324 470 428 521 Nos
447 476 609 520 autem

326 553 428 586 non
448 537 794 585 desistebamus

328 618 478 665 quum
500 604 634 651 omni
654 615 830 665 genere

325 669 703 727 exercitationis,

325 743 432 784 tum
456 736 584 798 stylo
605 732 835 791 maxime,

325 816 505 865 augere
526 800 652 850 illud
676 806 916 860 nostrum,

325 867 455 929 quod
478 874 599 930 erat,

325 940 770 996 quantumcumque
792 938 911 981 erat.

323 1003 486 1062 Atque
513 1007 568 1048 ut
586 1000 808 1049 omittam
828 999 985 1047 multa

323 1065 376 1114 iu
404 1065 497 1114 hoc
521 1066 692 1128 spatio,

324 1142 373 1179 et
394 1132 527 1179 iniis
552 1130 694 1179 annis

321 1206 432 1261 post
448 1198 748 1259 aedilitatem,

321 1265 483 1311 factus
505 1280 611 1312 sum

321 1337 373 1377 et
396 1331 585 1392 primus
602 1336 796 1393 praetor,

321 1402 371 1444 et
400 1396 649 1446 voluntate
671 1396 897 1462 populari

318 1461 615 1510 incredibili.

321 1527 450 1576 Nam
468 1537 801 1579 converteram

319 1593 383 1641 ad
404 1608 482 1641 me

317 1659 508 1708 animos
525 1659 798 1720 hominum,

318 1727 536 1775 novitate
553 1725 763 1790 dicendi,

320 1806 471 1853 quum
494 1800 687 1855 propter

318 1858 650 1906 assiduitatem
674 1859 724 1906 in
750 1857 926 1917 causis,

318 1928 370 1971 et
387 1923 696 1986 industriam,

317 1995 426 2040 tum
449 1997 642 2053 propter

316 2070 474 2119 genus
497 2055 729 2103 orationis

315 2121 609 2183 exquisitius

316 2192 368 2235 et
388 2189 592 2235 minime
611 2188 832 2252 vulgare.

315 2253 490 2301 Dicam
511 2254 640 2302 nihil
661 2254 721 2302 de
741 2268 819 2303 me
843 2269 859 2303 x

314 2317 473 2367 dicam
499 2320 557 2368 de
579 2321 765 2384 ceteris,

315 2399 523 2447 quorum
548 2400 692 2436 nemo
714 2393 834 2450 erat,

314 2454 398 2513 qui
427 2453 673 2501 videretur

314 2518 558 2567 studuisse
577 2519 753 2568 litteris

314 2584 604 2646 exquisitius

315 2663 464 2710 quam
485 2653 666 2716 vulgus
677 2652 955 2716 hominum,

317 2716 494 2776 quibus
520 2719 796 2769 continetur

318 2781 428 2828 fons
448 2783 669 2844 perfecta»,
691 2783 1006 2848 eloquentiae3

315 2861 462 2894 nemo
487 2852 571 2909 qui
601 2850 851 2900 didicisset

312 2915 397 2977 Jus
425 2911 592 2971 civile,

314 2995 417 3028 rem
441 2994 653 3028 maxime
671 2985 994 3033 necessariam

255 3063 260 3072 ‘
314 3046 380 3094 ad
402 3060 576 3094 causas
606 3048 820 3109 privatas

316 3121 367 3159 et
385 3112 447 3160 ad
470 3111 783 3175 prudentiam

318 3180 523 3227 oratoris
534 3198 551 3241 3

317 3258 462 3292 nemo
497 3246 581 3307 qui
602 3253 787 3296 teneret

317 3310 600 3359 memoriam

319 3389 485 3423 rerum
509 3392 843 3443 romanarum,

319 3454 383 3488 ex
412 3453 524 3504 qua,

321 3507 366 3556 si
390 3508 588 3569 quando
602 3523 723 3572 opus
740 3518 881 3574 esset,

1127 355 1392 399 BRUTUS.

1122 468 1258 518 Nous
1278 469 1467 518 d’autre
1486 478 1595 533 part

1122 551 1247 583 nous
1263 550 1325 583 ne
1337 538 1545 585 cessione
1564 552 1647 599 pas

1125 609 1232 649 tant
1254 617 1342 663 par
1362 609 1496 651 toute
1515 605 1678 665 espece

1123 667 1407 730 d’exercice,

1124 749 1214 796 que
1236 749 1322 797 par
1341 734 1392 782 la
1412 732 1731 798 composition
1753 740 1964 797 surtout‚

1123 801 1457 864 d’augmenter
1478 802 1699 849 oe-talent
1722 799 1878 857 nsstre‚

1121 867 1207 928 qui
1226 867 1346 913 etait
1371 882 1427 915 en
1444 882 1573 925 nous,

1122 932 1330 995 quelque
1347 933 1385 980 il
1408 933 1500 981 fsst.

1121 998 1183 1046 Et
1208 1014 1332 1062 pour
1353 1013 1517 1061 passer
1537 1000 1786 1061 beaucoup
1809 1001 1862 1046 ds
1881 1003 1988 1061 {aies

1120 1064 1242 1111 dans
1264 1073 1341 1113 cet
1352 1065 1799 1128 espace-ds-temps,

1119 1139 1168 1178 et
1190 1131 1311 1178 dans
1339 1145 1417 1178 ces
1438 1133 1616 1180 annees

1118 1198 1433 1259 posterieures
1451 1201 1481 1245 a
1503 1213 1612 1245 mon
1629 1196 1812 1258 edilite,

1113 1263 1165 1325 je
1183 1263 1263 1311 fus
1281 1265 1479 1312 nomme

1117 1337 1165 1377 et
1181 1329 1389 1391 premier
1419 1330 1627 1392 premnt,

1115 1401 1163 1442 et
1181 1409 1297 1442 avec
1319 1410 1415 1443 une
1440 1394 1713 1459 sympathie
1738 1394 1991 1458 populaire

1113 1462 1414 1523 incroyable.

1116 1527 1211 1576 Car
1225 1527 1400 1589 j’avais
1418 1529 1559 1575 attire

1116 1608 1203 1641 sur
1222 1608 1323 1641 mot

1117 1660 1395 1708 l'attention
1416 1660 1499 1709 des
1523 1659 1740 1710 hommes

1115 1740 1205 1788 par
1237 1725 1287 1774 la
1308 1727 1580 1787 nouveaute
1603 1725 1662 1775 de
1679 1740 1788 1773 mon
1813 1725 2094 1788 eloquenoe,

1114 1797 1225 1839 tant
1246 1794 1277 1840 a
1297 1806 1444 1840 cause

1118 1857 1178 1905 de
1196 1873 1306 1905 mon
1330 1856 1563 1906 assiduite
1584 1870 1648 1904 au
1665 1856 1889 1919 barreau,

1111 1931 1162 1972 et
1180 1924 1239 1971 de
1256 1938 1365 1972 mon
1387 1922 1599 1982 activit6‚

1113 2004 1207 2051 que
1226 1992 1257 2038 a
1280 2004 1425 2038 cause

1114 2055 1179 2103 du
1198 2071 1347 2119 genre
1373 2055 1682 2117 d’eloquence

1113 2123 1223 2184 plus
1249 2120 1508 2171 recherche
1566 2133 1573 2140 ¹

1112 2195 1161 2235 et
1184 2186 1512 2250 pas-du-tout
1532 2185 1773 2250 vulgaire.

1109 2253 1175 2303 Je
1196 2269 1259 2302 ne
1282 2255 1408 2303 dirai
1429 2254 1533 2302 rien
1564 2252 1623 2300 de
1640 2253 1741 2302 moi
1767 2271 1780 2300 ι

1107 2322 1160 2385 Je
1182 2319 1393 2382 parlerai
1415 2320 1497 2367 des
1516 2325 1693 2376 autres,

1113 2386 1506 2449 parmi-desquels
1522 2385 1613 2432 nul
1629 2384 1814 2445 n’etait,

1113 2453 1198 2514 qui
1224 2455 1372 2513 partit

1114 2519 1252 2567 avoir
1269 2518 1433 2566 etudie
1454 2518 1506 2566 la
1527 2519 1822 2580 grammaire

1113 2584 1595 2646 avec-plus-de·soin

1113 2665 1207 2712 que
1232 2652 1283 2698 la
1307 2650 1442 2697 foule
1467 2649 1551 2697 des
1574 2648 1812 2704 hommes,

1113 2716 1235 2765 dans
1258 2716 1468 2779 laquelle
1485 2723 1557 2763 est
1579 2715 1845 2764 renfermee

1113 2784 1165 2832 la
1184 2797 1356 2831 source
1380 2782 1439 2829 de
1466 2782 1518 2829 la
1547 2782 1752 2845 parfaite
1770 2783 2060 2846 eloquence;

1111 2863 1349 2913 personne
1369 2847 1454 2910 qui
1480 2849 1564 2896 eut
1583 2849 1746 2912 appris

1110 2917 1158 2966 le
1178 2915 1308 2964 droit
1332 2914 1463 2972 civil,

1111 2983 1258 3032 chose
1279 2982 1682 3050 tres-necessaire

1111 3064 1236 3111 pour
1255 3048 1328 3095 les
1346 3062 1513 3095 causes
1530 3046 1718 3110 privees

1114 3121 1162 3163 et
1183 3128 1307 3177 pour
1336 3114 1406 3160 les
1427 3113 1657 3162 lumieres

1115 3180 1173 3228 de
1197 3180 1458 3236 l’orateur;

1112 3259 1351 3309 personne
1369 3244 1454 3306 qui
1476 3247 1651 3308 gan-<lat

1118 3313 1166 3360 le
1186 3310 1416 3359 souvenir

1122 3377 1182 3426 de
1208 3376 1446 3425 l'histoire
1463 3391 1696 3440 romame,

1119 3444 1250 3500 d’ou,

1118 3511 1159 3559 si
1181 3511 1367 3573 parfois
1387 3528 1550 3563 oesoin
1566 3512 1704 3576 etait,

2065 347 2180 407 375
