2592 4084
434 347 459 398 1
471 347 507 398 Ο
1221 352 1483 398 BRUTUS.

431 483 584 523 arma
611 472 739 521 sunt
766 482 835 521 ea
862 472 1061 538 sumta,
1090 467 1290 538 quibus
1332 468 1414 522 illi
1450 468 1574 540 ipsi,
1611 468 1706 539 qui
1745 467 2052 524 didicerant
2086 469 2165 523 eis
2192 471 2271 525 uti

425 559 687 630 gloriose,
716 559 1182 631 quemadmodum
1213 559 1530 615 salutariter
1555 565 1861 630 uterentur,
1893 577 2000 616 non
2036 562 2271 632 reperie-

424 651 580 707 bant.
621 654 812 722 Itaque
852 651 894 705 ii
939 652 1075 706 mihi
1113 652 1371 709 videntur
1408 654 1688 708 fortunate
1730 653 1998 725 beateque
2044 653 2264 724 vixisse,

425 759 598 816 quum
624 743 682 797 in
718 743 916 799 ceteris
956 744 1287 812 civitatibu8‚
1315 751 1434 800 tum
1469 745 1703 800 maxime
1747 746 1803 799 in
1831 750 2033 809 nostra,
2070 745 2269 816 quibus

425 851 597 908 quum
647 837 987 907 auctoritate,
1028 854 1327 909 rerumque
1367 844 1658 908 gestarum
1697 837 1895 908 gloria,
1938 841 2059 891 tum
2105 837 2269 892 etiam

423 924 707 994 sapientiae
727 925 892 983 laude
915 928 1124 999 perfrui
1149 930 1309 984 licuit
1334 948 1348 985 :
1379 946 1619 1001 quorum
1647 930 1915 985 memoria
1938 936 1994 984 et
2018 931 2268 985 recorda-

422 1019 499 1075 tio
520 1018 577 1072 in
598 1019 851 1074 maximis
870 1022 1070 1077 nostris
1089 1022 1542 1095 gravissimisque
1567 1023 1714 1077 curis
1728 1021 1971 1093 jucunda
1993 1036 2123 1076 sane
2144 1021 2286 1097 fuit„

422 1126 593 1182 quum
620 1112 675 1164 in
701 1127 824 1166 eam
847 1128 1025 1182 nuper
1055 1129 1121 1168 ex
1144 1129 1400 1170 sermone
1426 1115 1666 1186 quodam
1693 1113 2100 1169 incidissemus,

491 1205 585 1258 III.
612 1205 755 1257 Nam
792 1220 965 1276 quum
999 1204 1403 1263 inambularem
1441 1208 1500 1262 in
1542 1218 1719 1279 xyst0,
1751 1214 1807 1262 et
1844 1222 2025 1262 essem
2067 1206 2269 1262 otiosus

420 1296 592 1363 domi,
624 1299 699 1351 Μ.
727 1298 797 1352 ad
821 1315 913 1353 me
950 1300 1172 1368 Brutus,
1202 1307 1266 1356 ut
1289 1307 1671 1368 consueverat,
1702 1317 1829 1356 cum
1867 1303 1929 1356 Τ.
1969 1299 2268 1371 Pomponio

421 1395 671 1454 venerat,
692 1389 943 1444 homines
968 1407 1138 1462 quum
1161 1392 1305 1447 inter
1329 1408 1388 1448 se
1408 1393 1703 1464 conjuncti,
1727 1399 1844 1448 tum
1868 1392 2005 1446 mihi
2032 1393 2110 1447 ita
2134 1392 2267 1461 cari,

419 1483 606 1555 itaque
629 1482 884 1553 jucundi,
913 1490 975 1538 ut
1000 1499 1192 1540 eorum
1235 1484 1502 1555 adspectu
1536 1485 1735 1556 omniS,
1766 1501 1888 1557 quae
1917 1500 2005 1539 me
2032 1483 2270 1554 angebat

423 1575 492 1630 de
519 1574 819 1646 republica,
845 1591 976 1630 cura
996 1575 1325 1633 oon-sederit.
1346 1579 1494 1643 Quos
1516 1582 1807 1649 postquam
1826 1576 2064 1632 salutavi
2086 1595 2097 1630 ε
2126 1576 2270 1642 Quid

420 1684 542 1739 voe,
568 1668 812 1740 inquam,
840 1674 1005 1725 Brute
1044 1677 1100 1726 et
1132 1671 1331 1742 Attice,
1358 1671 1545 1727 nunc?
1574 1671 1707 1743 quid
1742 1672 1967 1727 tandem
2002 1669 2174 1725 novi?
2205 1698 2267 1711 -·-

421 1760 572 1816 Nihil
613 1778 767 1832 sane,
793 1748 974 1834 inquit
1006 1766 1227 1834 Brutus,
1256 1764 1402 1836 quod
1428 1764 1655 1836 quidem
1682 1770 1779 1819 aut
1801 1769 1863 1818 tu
1890 1763 2081 1818 audire
2106 1762 2267 1832 velis,

423 1859 522 1910 aut
562 1870 666 1927 ego
691 1873 794 1928 pro
823 1862 972 1912 certo
1011 1856 1196 1912 dicere
1231 1857 1485 1912 audeam.
1517 1887 1585 1898 —
1621 1861 1760 1913 Tum
1800 1857 2033 1928 Atticae,
2057 1858 2152 1926 Eo,
2183 1856 2267 1909 in-

419 2081 563 2137 lesse,
586 2078 677 2141 J'ai
701 2093 764 2124 vu
785 2079 904 2126 tirer
929 2077 989 2126 de
1009 2078 1118 2126 leur
1148 2078 1377 2127 fourreau
1401 2078 1482 2127 des
1504 2080 1654 2142 ὁρόω,
1694 2079 1815 2127 dont
1834 2094 1955 2127 ceux
1989 2082 2166 2126 memes
2186 2081 2269 2141 qui

419 2162 623 2210 avaient
661 2163 822 2224 appi-is
857 2163 886 2208 ὲ,
923 2176 983 2208 en
1014 2161 1137 2209 faire
1167 2178 1235 2209 un
1259 2178 1411 2226 usage
1441 2164 1683 2226 glorieux,
1709 2177 1771 2210 ne
1799 2162 2076 2224 pouvaient‚
2101 2160 2265 2209 helas!

418 2247 542 2294 faire
566 2261 633 2292 un
656 2259 807 2308 usage
843 2245 1091 2292 salutaire.
1134 2246 1281 2293 Anssi
1314 2247 1363 2307 ¹ie
1395 2246 1598 2308 regat-de
1631 2261 1820 2293 comme
1851 2245 2273 2292 souverainemen‘c

417 2328 638 2376 heureux
674 2329 746 2375 les
783 2329 1000 2391 citoyens
1031 2328 1134 2390 qui,
1172 2329 1292 2376 dans
1325 2331 1398 2377 les
1440 2336 1601 2377 autres
1630 2329 1955 2390 republiques‚
2002 2334 2049 2374 et
2081 2334 2273 2376 surtout

420 2412 543 2460 dans
566 2413 618 2459 la
640 2413 802 2471 notre,
818 2419 906 2460 ont
928 2427 1014 2475 pu,
1034 2412 1237 2474 jusqu’a
1257 2414 1308 2460 la
1329 2413 1415 2469 fin,
1444 2412 1578 2474 jouir
1607 2410 1665 2458 de
1687 2411 1739 2459 la
1760 2409 2118 2458 consideration
2144 2418 2273 2460 atta,-

419 2497 535 2545 chee
562 2499 592 2543 a
612 2497 720 2543 leur
742 2511 879 2552 nom,
909 2496 969 2543 de
989 2495 1043 2542 la
1064 2497 1221 2557 gleire
1244 2497 1443 2556 aequise
1467 2509 1554 2557 par
1587 2495 1722 2543 leurs
1745 2494 1969 2548 services,
2002 2503 2051 2542 et
2075 2495 2133 2541 de
2155 2496 2271 2542 Ροε-

418 2580 536 2628 time
557 2595 652 2642 que
681 2594 887 2641 procuro
918 2582 969 2627 la
999 2595 1210 2643 sagense.
1244 2581 1314 2628 Le
1350 2579 1577 2627 souvenir
1612 2580 1670 2628 de
1696 2596 1772 2630 ces
1808 2581 1992 2644 grands
2028 2581 2266 2635 hommes.

417 2666 616 2728 rappele
645 2666 674 2711 ὲ,
697 2680 812 2711 mon
848 2667 997 2727 esprit
1031 2648 1120 2728 par
1156 2680 1225 2711 un
1261 2664 1498 2712 entreti²en
1529 2679 1622 2727 que
1653 2665 1782 2728 J’ens
1805 2664 2171 2724 dernierement‚
2197 2673 2271 2712 est

418 2762 548 2796 venu
576 2754 799 2810 apporter
814 2762 909 2794 une
926 2748 1038 2795 bien
1058 2748 1211 2794 donce
1229 2747 1532 2795 consolation
1552 2750 1582 2794 a
1602 2748 1912 2798 l'amertume
1928 2748 2012 2796 des
2034 2748 2270 2810 chagrine

418 2845 511 2892 que
533 2830 584 2890 je
609 2845 812 2877 ressens.

488 2912 578 2961 111.
617 2912 697 2960 Un
714 2913 831 2974 jour
856 2928 966 2974 que,
1004 2912 1128 2959 libre
1159 2912 1215 2959 de
1251 2920 1387 2959 toute
1427 2912 1610 2969 affaire,
1642 2913 1695 2976 je
1729 2927 1807 2960 me
1841 2915 2114 2977 promenais
2150 2912 2271 2960 dans

420 3011 537 3043 mon
572 2995 761 3057 Jardin,
799 2996 870 3042 M.
903 2995 1086 3042 Brutus
1122 2996 1229 3043 vint
1268 3012 1346 3044 me
1385 2998 1508 3052 voit,
1548 2998 1746 3046 suivant
1781 3013 1836 3044 sa
1868 3004 2122 3056 conuiuae,
2155 3011 2270 3045 avec

421 3078 723 3140 Pomponius
747 3080 958 3127 Atticus.
995 3079 1103 3127 Une
1133 3081 1305 3128 etroite
1328 3082 1493 3128 amitie
1513 3080 1584 3128 les
1613 3081 1727 3127 unit
1749 3081 2012 3137 eneemble,
2033 3088 2081 3127 et
2105 3081 2165 3128 ils
2190 3096 2268 3129 me

421 3169 534 3210 sont
552 3162 593 3208 si
617 3160 772 3220 obers,
796 3163 904 3209 leur
924 3164 1099 3210 sociate
1116 3163 1256 3210 m'est
1273 3163 1315 3210 si
1337 3164 1580 3226 agreuble‚
1602 3165 1716 3226 qu'a
1735 3164 1849 3211 leur
1874 3178 1967 3213 vue
1987 3172 2145 3212 tontes
2168 3176 2269 3213 mes

419 3247 584 3295 tristes
621 3245 890 3294 reflexions
922 3262 1007 3293 sur
1041 3247 1111 3295 les
1139 3246 1331 3295 affaires
1365 3248 1623 3310 publiqnes
1656 3248 2012 3295 s'evanouirent
2042 3249 2266 3296 aussitot.

420 3330 577 3392 Apres
597 3330 667 3376 les
689 3330 825 3378 avoir
852 3330 1010 3377 salnes
1035 3348 1048 3377 ε
1077 3350 1102 3375 α
1128 3330 1282 3391 Quoi!
1317 3347 1436 3379 vous
1459 3334 1780 3392 maintenant,
1808 3332 1915 3379 leur
1940 3332 2111 3393 dis-je,
2133 3333 2265 3380 Bru-

420 3423 502 3463 tus
523 3421 570 3462 et
594 3412 820 3461 Atticus?
853 3414 981 3476 Qu’y
1009 3417 1154 3463 a-t-il
1174 3416 1300 3463 donc
1336 3414 1395 3461 de
1426 3413 1681 3464 nouveau?
1702 3441 1770 3450 —
1793 3415 1928 3472 Rieu,
1956 3415 2029 3461 dit
2063 3416 2265 3473 Brutus,

420 3513 515 3560 que
538 3512 659 3545 vous
686 3511 828 3561 soyez
851 3499 1052 3546 eurieux
1074 3497 1371 3554 d'entendre,
1400 3510 1464 3544 on
1487 3496 1605 3545 dont
1631 3497 1682 3559 je
1712 3497 1873 3559 puisse
1904 3511 2022 3545 vous
2046 3501 2271 3560 garantia·
