2592 4084
327 354 446 411 294
1116 363 1378 407 neurus.

325 482 457 538 ruit.
481 478 632 537 Nihil
650 477 798 534 enim
824 476 992 533 estin
1018 476 1249 534 historia
1278 493 1418 549 pura
1444 484 1500 535 et
1517 477 1723 534 illustri
1747 480 2018 537 brevitate
2045 480 2175 537 dul-

326 584 467 640 cius.
505 579 615 637 Sed
649 578 722 637 ad
752 595 872 651 eos,
899 578 949 635 si
981 579 1184 651 placet,
1224 580 1321 652 qui
1356 579 1470 638 vita
1507 586 1885 651 excesserunt,
1926 587 2176 640 reverta·

326 701 476 743 mur.

396 787 624 843 LXXVI.
668 787 730 843 C.
775 785 1015 841 Sicinius
1048 785 1237 857 igitur,
1268 788 1334 853 Q.
1363 785 1613 857 Pompeii
1638 785 1811 857 illius,
1849 786 1944 858 qui
1985 801 2184 841 censor

328 888 451 959 fuit,
480 904 546 944 ex
571 886 687 942 filia
709 902 902 959 nepoS,
936 887 1265 960 quaestorius
1289 892 1543 943 mortuus
1581 892 1693 958 est3
1727 886 2030 959 probabilis
2060 902 2187 942 ora-

329 994 433 1061 tor,
451 988 572 1060 jam
592 1003 728 1046 vero
759 989 928 1044 etiam
943 990 1226 1060 probatuS,
1249 1006 1315 1045 ex
1337 990 1442 1046 hac
1466 990 1617 1062 inopi
1636 991 1709 1046 ad
1728 990 2059 1061 ornandum,
2084 990 2187 1044 sed

332 1091 402 1147 ad
451 1090 849 1149 inveniendum
893 1089 1167 1162 expedita,
1212 1093 1573 1162 Hermagorae
1617 1088 1948 1162 disciplina:
1983 1108 2051 1148 ea
2093 1091 2188 1149 dat

332 1192 572 1250 rationes
595 1198 776 1249 certas
798 1196 854 1249 et
871 1197 1148 1263 praecepta
1170 1190 1419 1263 dicendi;
1447 1209 1572 1265 quae
1601 1194 1649 1248 si
1678 1193 1951 1251 minorem
1981 1192 2189 1249 habent

335 1301 659 1369 apparatum
700 1296 852 1364 (sunt
890 1295 1039 1352 enim
1080 1294 1287 1366 exilia),
1330 1299 1517 1352 tamen
1559 1295 1768 1353 habent
1813 1295 2089 1367 ordinem,
2132 1301 2189 1353 et

335 1398 604 1470 quasdam
632 1413 816 1453 errare
859 1397 917 1452 in
945 1395 1178 1453 dicendo
1214 1412 1325 1452 non
1352 1396 1626 1469 patientes
1651 1396 1788 1455 vias,
1818 1400 1933 1453 Has
1972 1397 2069 1453 ille
2100 1402 2185 1454 te·
2213 1418 2224 1426 ·

335 1516 492 1572 nens,
526 1504 584 1555 et
608 1503 832 1571 paratus
870 1497 943 1556 ad
984 1514 1180 1554 causas
1215 1499 1468 1568 veniens,
1501 1498 1802 1556 verborum
1839 1514 1955 1555 non
1992 1515 2188 1571 egene,

336 1601 459 1673 ipsa
499 1601 596 1657 illa
623 1601 1035 1673 comparatione
1063 1599 1474 1672 disciplinaque·
1501 1599 1738 1668 dicendi,
1767 1599 1888 1671 jam
1914 1600 1969 1655 in
2000 1606 2190 1672 patro-

338 1718 537 1759 norum
565 1682 861 1759 numerum
885 1707 1236 1775 pervenerat.
1273 1703 1408 1757 Erat
1435 1700 1602 1757 etiam
1629 1701 1717 1758 vir
1752 1701 1947 1757 doctus
1984 1702 2044 1757 in
2076 1704 2165 1774 pri

339 1776 533 1861 mis'C.
549 1803 811 1861 Visellius
831 1806 1022 1876 Varr0,
1048 1802 1417 1858 consobrinus
1444 1819 1623 1873 mene,
1653 1803 1750 1877 qui
1762 1803 1871 1859 fuit
1896 1820 2025 1860 cum
2052 1805 2194 1860 Sici·

340 1901 434 1957 nio
458 1906 616 1958 aetate
637 1901 980 1975 conjunctus.
1002 1906 1055 1958 ls
1073 1918 1244 1975 quum
1255 1906 1385 1974 post
1403 1900 1655 1957 curulem
1678 1901 2004 1957 aedssitaatem
2021 1900 2196 1973 judex

341 2166 568 2231 egreable
601 2165 724 2214 dans
746 2163 984 2214 l’histoire
1006 2170 1186 2228 qn'une
1209 2166 1425 2216 brievete
1448 2172 1659 2216 correcte
1682 2173 1730 2216 et
1751 2167 2043 2217 luminemse.
2066 2169 2196 2218 Mais

309 2279 312 2283 ’
345 2278 604 2324 revenone,
637 2264 681 2312 si
702 2278 825 2313 vous
849 2263 897 2311 le
923 2263 1111 2324 venien,
1136 2278 1237 2312 aux
1266 2272 1490 2313 orateurs
1515 2265 1600 2328 qui
1628 2279 1690 2312 ne
1713 2273 1825 2313 sont
1848 2267 1972 2330 plus.

407 2358 638 2410 LXXVI.
665 2359 722 2411 G.
749 2360 980 2417 Sicinius,
1007 2361 1071 2410 ne
1090 2359 1236 2410 d’une
1257 2360 1363 2410 flue
1385 2361 1443 2409 de
1462 2361 1526 2422 Q.
1551 2361 1814 2424 Pompeius
1827 2362 1875 2409 le
1897 2374 2116 2418 censent,
2143 2366 2194 2411 et

341 2465 473 2507 mort
514 2459 653 2521 apres
674 2474 731 2507 sa
752 2465 1000 2522 questure,
1025 2459 1195 2507 merite
1222 2460 1429 2522 quelque
1464 2459 1649 2518 estime,
1677 2467 1725 2508 et
1749 2475 1810 2508 en
1838 2459 1992 2508 obtint
2016 2457 2073 2506 de
2106 2474 2197 2507 son

342 2560 515 2618 temps.
533 2555 577 2603 11
592 2557 765 2605 sortait
783 2555 928 2604 d’une
945 2556 1079 2604 eccle
1096 2557 1181 2618 qui
1205 2555 1367 2605 donne
1374 2571 1468 2620 peu
1482 2559 1512 2604 ὲ
1526 2557 1574 2604 la
1596 2556 1944 2621 magnificence
1963 2556 2030 2604 du
2050 2557 2198 2618 style,

343 2648 469 2697 mais
482 2651 567 2712 qui
587 2650 708 2699 offre
733 2651 815 2700 des
837 2663 1110 2700 ressources
1133 2653 1163 2698 ὲ,
1185 2650 1492 2710 l'invention‚
1516 2652 1637 2700 celle
1664 2651 2059 2716 d’Hermagoras.
2089 2653 2201 2702 ΕΗΒ

343 2744 550 2807 proserit
575 2748 605 2792 ὲ.
620 2747 852 2795 l’orateur
878 2748 961 2796 des
989 2747 1084 2794 lois
1106 2755 1154 2796 et
1184 2747 1268 2795 des
1289 2748 1449 2811 regles
1478 2747 1734 2797 ccx-taines.
1762 2747 1813 2798 Si
1854 2764 1933 2797 ces
1956 2752 2202 2813 precepta-s

344 2842 486 2891 n’ont
504 2856 592 2905 pas
613 2857 685 2891 un
705 2843 866 2908 grand
886 2845 1014 2892 eolat
1022 2845 1126 2908 (car
1153 2844 1217 2892 ils
1248 2850 1364 2892 sont
1384 2859 1456 2892 un
1472 2861 1565 2908 peu
1591 2846 1735 2909 sees),
1754 2845 1820 2894 ils
1845 2852 1934 2895 ont
1955 2863 2017 2895 au
2038 2848 2202 2897 moins

345 2938 404 2987 de
423 2938 474 2986 la
489 2937 732 2997 methodo,
746 2946 795 2988 et
821 2947 1029 2990 ouvrent
1047 2941 1133 2988 des
1155 2948 1320 2990 tontes
1334 2940 1421 3005 qui
1444 2957 1507 2989 ne
1524 2948 1810 3005 permettent
1831 2957 1919 3006 pas
1953 2943 2014 2992 de
2035 2945 2203 3009 s’ega-
2283 2940 2302 2959 ⁸

344 3049 441 3082 rer.
467 3034 596 3084 C'est
617 3050 679 3083 en
702 3036 898 3086 suivant
922 3051 1001 3086 ces
1034 3043 1217 3096 routee,
1248 3045 1296 3086 et
1328 3053 1392 3086 en
1416 3045 1596 3087 venant
1627 3054 1691 3087 au
1721 3040 1935 3088 bureau
1956 3042 2070 3089 bien
2090 3043 2204 3104 pre·-

343 3131 477 3194 Ρατὲ,
504 3143 599 3192 que
619 3130 846 3194 Sicinius,
885 3135 916 3181 a
931 3132 1078 3183 l'aide
1096 3133 1241 3183 d’une
1262 3135 1508 3184 elocution
1524 3151 1655 3185 assez
1674 3137 1839 3198 facile,
1859 3143 1909 3185 et
1932 3137 2091 3202 dirige
2112 3152 2204 3202 pat

341 3224 417 3273 les
444 3226 690 3290 principes
709 3236 758 3277 et
777 3229 851 3278 les
872 3230 1030 3293 regies
1053 3230 1114 3280 dn
1145 3231 1332 3290 l'ecole,
1358 3248 1410 3282 se
1426 3232 1484 3281 fit
1502 3240 1732 3297 comptor,
1761 3249 1936 3283 encore
1943 3235 2096 3297 jeune
2103 3272 2120 3296 ,
2138 3249 2207 3284 ιιι

345 3323 550 3372 nombre
572 3323 657 3373 des
675 3333 886 3374 avocate.
911 3327 1058 3376 Alors
1074 3327 1226 3377 vivait
1246 3331 1380 3378 aussi
1402 3345 1473 3379 un
1485 3329 1680 3380 homme
1701 3332 2020 3394 tres-suvant,
2037 3332 2094 3381 C.
2108 3332 2205 3380 Vi-

348 3418 516 3469 sellius
530 3421 745 3488 Vmor),
769 3439 884 3475 mon
908 3428 1098 3486 cousin,
1134 3429 1219 3492 qui
1234 3430 1355 3478 emit
1383 3429 1441 3477 de
1454 3429 1585 3493 l'fige
1598 3428 1659 3477 de
1678 3428 1912 3478 Sicinius.
1939 3430 1985 3478 11
2000 3438 2209 3480 mourut

349 3512 485 3562 ‘3²⁸1st
504 3518 627 3584 juge
649 3521 710 3570 de
730 3522 782 3571 ln.
803 3525 1040 3588 question,
1067 3526 1205 3590 apres
1227 3526 1365 3576 avoir
1383 3527 1552 3575 exerce
1563 3525 1764 3575 l'edilite
1787 3526 1973 3576 curule.
1994 3524 2031 3576 J
2033 3525 2208 3575 ’avone
