2592 4084
276 548 385 598 Hoc
410 546 498 597 ille

276 614 461 693 plseuit
481 612 599 674 tibi,
624 612 804 673 Brute,

276 681 441 728 minus
460 678 662 727 fortasse

277 759 424 809 quam
446 744 728 809 placuisset,

277 812 321 859 si
341 812 576 874 potuisses
593 808 762 858 audire

275 877 420 926 illum
442 874 731 940 flagrantem
755 872 918 923 studio

276 948 325 992 et
344 940 593 992 florentem
612 940 859 989 facultate.

332 1006 508 1058 xcvl.
513 1031 580 1047 —
596 1006 724 1057 Tum
748 1006 949 1064 Brutus,

276 1072 382 1138 Ego
405 1087 545 1128 vero,
585 1073 775 1135 inquit,

276 1148 325 1189 et
344 1140 483 1188 video
505 1137 671 1202 qualia
694 1140 792 1188 sint

275 1206 372 1254 ists
387 1220 498 1268 quae
521 1203 669 1262 dieis,

275 1278 325 1320 et
345 1271 510 1333 putavi
534 1282 720 1333 semper

275 1337 591 1386 Hortensium

275 1417 510 1465 magnum
533 1406 801 1457 oratorem,

275 1469 566 1532 probavique
587 1466 800 1515 maxime

276 1533 511 1583 dicentem
534 1548 622 1596 pro
643 1528 878 1586 Messala,

274 1614 424 1663 quum
448 1607 504 1648 tu
532 1597 749 1646 abfuisti.

273 1691 339 1703 —
355 1665 539 1715 Ferunt
557 1662 655 1720 sie,
681 1663 881 1726 inquam
896 1692 911 1719 ,

275 1732 523 1794 oratioque
544 1730 723 1793 scripte.

274 1797 476 1845 totidem
499 1794 660 1845 verbis

274 1868 392 1923 quot
413 1861 562 1921 dixit,

274 1931 331 1975 ut
356 1926 521 1986 aiunt,

275 1990 490 2041 declarat
510 1990 581 2040 id.

276 2056 407 2120 Ergo
434 2058 520 2106 ille
550 2055 714 2105 floruit

276 2137 306 2171 s
335 2122 509 2172 Crasso

274 2196 322 2236 et
340 2188 555 2238 Scaevole
572 2187 773 2236 consule

170 2251 179 2270 ⁶
276 2269 427 2316 usque
449 2254 510 2302 ad
530 2254 761 2304 Paullum

227 2325 236 2340 ·
276 2327 324 2368 et
342 2320 629 2369 Marcellum
648 2317 900 2375 consuloez

275 2400 365 2435 nos
391 2385 573 2435 fuimus

274 2452 326 2500 in
352 2450 519 2500 eodem
543 2465 689 2500 cursu

275 2531 308 2565 a
328 2516 465 2567 snus
486 2517 721 2566 dictatore

276 2581 373 2630 fere
394 2581 457 2631 sd
474 2583 664 2632 eosdem
685 2581 925 2630 consules.

275 2646 356 2710 Sic
377 2662 473 2696 vox
497 2649 558 2709 Q.
584 2647 832 2698 Hortensii

277 2713 495 2762 extinctu
507 2721 581 2762 est

276 2792 366 2827 suo
388 2777 508 2835 fsto,

276 2850 447 2892 nostra.
466 2843 679 2906 publico.

276 2937 340 2947 —
356 2908 584 2961 Ominsre
612 2909 803 2968 melius,

275 2990 461 3039 quaec,
471 2975 635 3038 inquit
649 2975 849 3025 Brutus.

277 3067 345 3079 —
363 3042 439 3093 Sit
462 3055 579 3091 sene
605 3047 661 3090 ut
681 3040 777 3101 vis,

278 3106 479 3170 inquam
492 3141 507 3167 ‚

279 3179 328 3221 et
349 3172 400 3221 id
417 3189 522 3223 ‘non
547 3180 647 3223 tum
667 3186 818 3223 causa
841 3185 966 3232 mea,

279 3252 427 3301 quam
448 3245 564 3300 tua3

280 3303 366 3352 sed
385 3306 544 3355 exitus
563 3306 701 3357 iliius

282 3369 573 3428 fortunatus,

283 3436 365 3498 qui
399 3450 499 3485 non
523 3436 644 3486 vidit

277 3514 434 3565 quum
459 3499 628 3551 fierent

279 3582 337 3617 eu
357 3579 469 3630 quse

1058 428 1320 475 BRuTus.

1071 543 1243 593 Pur-l&
1272 544 1471 594 celui-ci

1070 624 1102 657 ιι
1123 610 1207 673 plu
1231 613 1261 658 ὲ
1283 610 1350 659 toi
1363 646 1376 670 ,
1413 612 1624 672 Brutus,

1067 677 1226 725 moins
1257 679 1499 739 peut-etro

1067 755 1161 804 que
1188 741 1227 790 il
1254 756 1313 790 m
1339 744 1502 792 sursit
1528 742 1643 806 plu,

1067 808 1110 856 si
1132 813 1188 856 tu
1210 808 1345 856 amis
1365 824 1432 872 pu
1458 807 1692 858 entendre

1066 872 1143 922 lui
1167 873 1368 922 brfilnnt
1394 873 1452 922 de
1479 876 1607 930 sele,

1067 945 1117 988 et
1146 938 1542 989 dans-l’eolsvdu
1571 941 1742 989 tulent.

1132 1004 1559 1055 ch1.-A10rs
1575 1006 1760 1056 Brutus
1770 1037 1787 1066 ‚

1065 1069 1198 1120 Ροιιι·
1222 1070 1348 1129 moi,
1368 1069 1459 1120 dit·
1463 1072 1529 1137 il,

1066 1140 1117 1187 et
1135 1140 1185 1201 je
1210 1135 1316 1186 vois
1339 1138 1521 1198 quelles
1547 1144 1660 1187 sont

1065 1201 1340 1251 ees-choses
1362 1218 1455 1264 que
1483 1211 1538 1252 tu
1559 1204 1658 1261 dis,

1066 1274 1115 1316 et
1137 1268 1158 1331 j
1162 1270 1227 1316 'ai
1256 1282 1345 1317 orn
1372 1269 1594 1333 touJours

1066 1332 1360 1383 Hortensius

1068 1414 1137 1447 un
1160 1400 1321 1463 grand
1343 1406 1559 1459 orateur,

1066 1470 1115 1514 et
1130 1465 1184 1526 Je
1205 1466 1287 1514 l’si
1313 1467 1556 1529 appi-euve
1579 1470 1774 1517 surtout

1066 1530 1260 1593 perlsnt
1286 1547 1411 1596 pour
1436 1532 1672 1590 Messala,

1066 1596 1234 1659 quand
1264 1605 1323 1647 tu
1358 1598 1437 1645 fus
1471 1598 1655 1646 absent.

1067 1687 1133 1699 —
1151 1661 1230 1712 On
1257 1670 1482 1728 rapporte
1509 1664 1664 1723 ainsi,
1690 1660 1870 1726 dis-je,

1066 1735 1115 1777 et
1132 1728 1180 1777 le
1204 1728 1425 1779 discours
1452 1728 1574 1778 ecrit

1066 1808 1125 1842 en
1153 1801 1325 1844 autent
1349 1796 1408 1844 de
1435 1802 1560 1844 mots

1067 1859 1190 1921 qu’il
1224 1875 1256 1908 u
1288 1861 1386 1921 dit,

1066 1938 1253 1975 comme
1278 1942 1342 1976 on
1370 1927 1440 1975 dit
1453 1963 1466 1987 ,

1068 1989 1315 2041 demontre
1338 1994 1457 2041 cela.

1067 2056 1209 2105 Dono
1229 2058 1433 2107 celui-ci
1457 2057 1620 2107 fleurit

1067 2121 1236 2183 depuis
1257 2123 1460 2173 Crassus

1064 2191 1112 2265 et
1136 2187 1336 2237 Soevols
1357 2190 1530 2238 consul

1058 2255 1620 2369 ὲῗεὲὣέοὶιῖιῗῖιοιὲιῖειιὴ
1634 2336 1649 2377 3

1063 2398 1186 2434 nous
1209 2399 1362 2434 avons
1386 2387 1460 2434 ete

1062 2448 1184 2499 dans
1207 2451 1257 2499 la
1276 2455 1433 2499 meme
1451 2451 1661 2500 carriere

1066 2514 1236 2579 depuis
1260 2516 1399 2581 Sylla
1422 2518 1663 2567 dictateur

2007 423 2123 481 38⁷

1062 2596 1266 2646 presque
1288 2585 1464 2646 jusque
1487 2598 1586 2632 eux
1613 2583 1792 2631 memes
1810 2581 2025 2631 consuls.

1062 2648 1205 2697 Ainsi
1229 2649 1279 2697 la
1304 2649 1419 2697 voix
1444 2650 1501 2698 de
1523 2648 1584 2711 Q.
1610 2647 1900 2698 Hortensius

1062 2729 1086 2763 s
1086 2714 1175 2763 'est
1195 2714 1371 2764 eteinte

1063 2794 1179 2829 avec
1202 2793 1290 2830 son
1311 2781 1572 2841 existence,

1063 2847 1115 2896 la
1136 2847 1275 2895 notre
1297 2861 1415 2896 eveo
1435 2846 1555 2895 celle
1577 2845 1637 2895 de
1661 2846 1832 2897 l'Etst.

1067 2937 1123 2949 —
1138 2913 1342 2991 Augure
1359 2913 1541 2970 mieux‚

1062 2975 1115 3039 je
1138 2986 1179 3025 te
1203 2980 1323 3041 prie,
1349 2978 1421 3027 dit
1437 2979 1637 3027 Brutus.

1065 3067 1133 3155 Ξ
1155 3042 1245 3105 Qu*
1247 3044 1289 3094 il
1311 3045 1406 3094 soit
1425 3045 1550 3095 donc
1571 3056 1757 3092 comme
1780 3048 1834 3093 tu
1856 3057 2000 3104 veux,

1120 3109 1235 3175 s-je·

1066 3177 1115 3220 et
1137 3150 1241 3223 cele
1262 3189 1363 3223 non
1385 3180 1492 3222 taut
1509 3177 1540 3224 ὲ
1559 3187 1704 3224 oense
1722 3171 1780 3223 de
1805 3173 1920 3232 moi,

1067 3250 1160 3300 que
1180 3241 1211 3288 ὲ
1240 3254 1384 3289 cause
1412 3240 1472 3289 de
1495 3241 1602 3289 tois

1067 3306 1193 3353 mais
1214 3306 1267 3355 Is
1283 3312 1413 3355 mort
1431 3305 1489 3354 de
1511 3304 1713 3355 celui-ci

1068 3369 1182 3435 (fut)
1204 3371 1457 3431 kentense,

1069 3437 1153 3499 qui
1175 3452 1237 3486 ne
1255 3438 1325 3486 vit
1348 3452 1435 3501 pes

1071 3504 1235 3565 quand
1259 3503 1376 3552 elles
1397 3517 1450 3552 se
1470 3502 1692 3553 fsissient

1072 3570 1144 3619 les
1163 3569 1330 3619 choses
1351 3583 1446 3634 que
