2592 4084
1100 259 1361 305 murus.
2026 254 2144 310 2⁵2

294 378 463 426 labore
488 386 537 424 et
557 376 822 435 industria,
1088 379 1338 439 grace-au·
1315 377 1514 425 -tnvail
1536 384 1585 426 et
1605 380 1637 426 a
1657 379 1691 426 l'
1694 377 1907 440 ambite,

295 451 344 491 et
364 443 495 505 quod
515 443 777 492 adhibebat
1088 449 1136 491 et
1154 456 1296 503 parce
1314 458 1408 504 que
1435 443 1475 492 il
1487 445 1744 507 employait

294 523 465 559 curam
487 509 635 558 etiam
651 516 700 558 et
716 508 929 574 gratiam
1087 524 1169 556 son
1191 508 1300 558 sein
1320 509 1449 559 aussi
1472 517 1520 556 et
1540 526 1621 558 son
1642 510 1794 559 credit

293 575 357 623 ad
379 591 552 626 causas
572 574 880 636 obtinendas,
1086 589 1212 637 pour
1243 575 1329 624 des
1360 589 1527 622 causes
1554 574 2134 640 devant-etre-obtenues,

291 641 389 689 fuit
411 642 601 703 aliquot
616 655 770 688 annos
1089 640 1165 688 fut
1187 644 1390 700 pendant
1412 641 1640 702 quelques
1661 643 1836 690 annaeo

291 723 344 755 in
367 706 670 770 principibus
696 706 933 769 patronis.
1086 708 1383 755 au-nombre
1403 706 1486 753 des
1514 707 1804 771 principem:
1825 717 2036 763 avocate,

292 774 352 824 In
380 774 600 822 oratione
622 772 772 834 hujus
1087 772 1224 823 Dans
1245 773 1318 821 les
1335 774 1552 821 discours
1580 772 1638 820 de
1663 774 1866 825 celui-ci

291 854 451 887 sermo
472 847 576 886 erat
604 839 803 895 latinus,
1086 839 1137 887 la
1161 839 1346 888 diction
1367 838 1485 886 e'tait
1503 839 1673 896 latine,

291 906 442 952 verba
461 920 560 952 non
592 904 800 966 abjecta,
1085 904 1158 952 les
1175 911 1349 953 termes
1366 919 1467 952 non
1487 905 1595 964 bas,

291 986 369 1018 res
402 985 510 1018 com
516 972 680 1032 positae
713 969 996 1036 diligenter;
1084 970 1156 1018 les
1175 971 1304 1018 ideas
1326 971 1605 1018 distribuces
1627 971 1901 1029 avec-soin3

292 1044 460 1084 tamen
481 1037 649 1084 nullus
676 1034 782 1097 flos,
1084 1037 1353 1100 cependant
1372 1051 1585 1085 aucunes
1610 1036 1777 1097 fleurs,

289 1117 449 1165 neque
467 1103 628 1150 ullum
655 1102 844 1157 lumem
1084 1103 1138 1149 ni
1159 1118 1321 1152 aucun
1339 1103 1489 1159 eclatz

289 1182 477 1231 magna
497 1167 741 1217 contentio
767 1167 940 1224 animi,
1083 1183 1180 1217 une
1200 1169 1386 1233 grande
1409 1168 1688 1217 contention
1713 1166 1925 1232 d’esprit‚

287 1248 445 1296 parva
467 1233 614 1291 vocis,
1083 1249 1180 1282 une
1197 1235 1345 1283 faible
1362 1238 1616 1282 contamina
1640 1233 1701 1280 de
1721 1235 1855 1295 mix,

286 1307 348 1347 ut
372 1300 472 1346 sere
495 1301 659 1348 omnia
682 1299 959 1349 dicerentur
1085 1308 1293 1349 enam-te
1311 1316 1403 1362 que
1422 1315 1623 1362 presque
1644 1307 1751 1347 tout
1770 1300 1887 1349 etait
1914 1298 1987 1348 dit

287 1365 518 1413 similiter
544 1376 687 1428 atque
709 1382 810 1415 uno
833 1364 996 1415 modo.
1198 1365 1416 1415 illemcnt
1438 1375 1487 1413 et
1508 1366 1565 1412 de
1581 1366 1631 1413 la
1653 1367 1809 1414 meme
1827 1366 2060 1415 muniere.

285 1430 416 1480 Nam
436 1431 493 1480 C.
521 1432 758 1486 Fimbria.
1126 1447 1180 1479 ar
1202 1432 1258 1480 C.
1276 1432 1512 1487 Fimbria,

287 1497 493 1559 aqualis
523 1507 572 1545 et
598 1498 830 1547 inimicus
860 1496 1032 1560 hujus,
1086 1497 1447 1559 contemporain
1468 1506 1516 1543 et
1545 1498 1736 1544 ennemi
1765 1496 1823 1545 de
1845 1497 2065 1556 celui-ci,

286 1578 392 1610 non
426 1565 584 1625 potuit
608 1579 658 1612 se
675 1565 862 1627 ,iactare
945 1560 949 1565 ’
1089 1579 1148 1610 ne
1169 1573 1256 1624 put
1277 1578 1328 1611 se
1355 1561 1579 1609 demener

285 1628 360 1675 ita
395 1628 482 1675 diu
507 1646 520 1677 :
1085 1627 1186 1676 fort
1216 1630 1490 1690 longtemps
1520 1644 1533 1674 ι

286 1694 376 1756 qui
394 1694 562 1743 dicens
583 1696 751 1744 omnia
1085 1696 1290 1743 celui-ci
1317 1694 1481 1742 disant
1498 1700 1626 1752 tout,

287 1775 408 1808 voce
432 1776 630 1823 magna,
1085 1758 1229 1809 d‘une
1250 1762 1362 1809 voix
1388 1761 1527 1816 forte,

284 1824 500 1887 quodam
528 1841 676 1874 cursu
693 1825 894 1875 incitato
1084 1841 1199 1874 avec
1224 1828 1434 1874 certaine
1454 1840 1622 1875 course
1645 1826 1894 1888 precipitee

283 1892 552 1939 verborum
572 1906 686 1938 sane
704 1893 963 1950 bonorum,
1084 1891 1436 1954 d'expreasions
1458 1900 1610 1941 certes
1630 1891 1840 1941 choisies
1853 1929 1868 1952 ‚

282 1958 364 2003 ita
385 1957 578 2004 furebat
600 1966 762 2005 tamen
1083 1958 1202 2006 etait
1223 1959 1267 2005 si
1288 1958 1524 2005 furibond
1546 1958 1832 2006 neanmoins

282 2031 350 2070 ut
373 2023 607 2071 mirarere
1083 2038 1176 2084 que
1203 2032 1257 2071 tu
1270 2025 1433 2072 aurais
1448 2025 1522 2070 ὀῑό
1539 2025 1714 2070 etonne

282 2088 527 2150 populum
543 2103 686 2151 agere
701 2104 778 2136 res
792 2094 889 2137 tam
907 2090 1031 2139 alias
1082 2089 1128 2136 le
1153 2091 1323 2152 peuple
1344 2090 1463 2137 &tait
1482 2091 1523 2137 si
1541 2089 1735 2137 distrait

283 2160 349 2200 ut
375 2153 514 2200 locus
534 2161 656 2202 esset
678 2156 852 2203 insano
1084 2169 1175 2215 que
1198 2157 1333 2218 place
1358 2156 1625 2204 fut-dennis
1648 2157 1679 2202 a
1703 2169 1776 2203 un
1800 2153 1886 2203 fou

281 2218 418 2267 inter
438 2219 658 2267 disertos.
1082 2222 1239 2283 parmi
1262 2222 1330 2269 les
1352 2232 1588 2269 orateurs.

278 2285 377 2333 Cn.
406 2293 569 2332 autem
589 2285 825 2334 Lentulus
1081 2286 1207 2334 Mais
1234 2287 1328 2336 Cn.
1354 2287 1591 2337 Lentulus

282 2350 501 2399 faciebat
530 2352 812 2414 opinionem
838 2352 919 2405 dic
1082 2367 1135 2400 sa
1155 2352 1324 2401 faisait
1347 2368 1415 2400 un
1440 2367 1608 2401 renom
1644 2353 1950 2414 d'eloquence

281 2417 444 2465 multo
466 2419 701 2478 majorem
723 2419 916 2470 actione
1083 2418 1335 2482 beaucoup
1361 2419 1472 2481 plus
1493 2418 1651 2481 grand
1670 2434 1756 2482 par
1777 2417 1977 2467 l’action

285 2496 434 2543 quam
459 2493 642 2545 quanta
665 2484 872 2533 facultas
1084 2498 1178 2547 que
1199 2500 1265 2531 un
1294 2485 1453 2547 grand
1476 2486 1630 2533 talent

283 2557 391 2595 erat
413 2547 467 2596 in
494 2565 549 2597 eo
578 2567 590 2594 z
1082 2551 1252 2598 n’etait
1271 2564 1332 2597 en
1357 2550 1431 2598 lui
1458 2566 1471 2597 ε

282 2615 373 2675 qui
401 2630 551 2676 quum
577 2630 667 2663 nec
681 2623 804 2663 esset
824 2632 1032 2679 peracu-
1083 2616 1305 2677 celui-ci,
1340 2623 1528 2664 comme
1557 2616 1597 2664 11
1619 2615 1789 2665 n’etait
1817 2630 1903 2678 pas
1924 2611 2131 2672 tres-fin,

282 2693 562 2742 quanquam
586 2682 857 2740 videbatur,
911 2688 1026 2755 μω,
1082 2683 1294 2744 quoique
1314 2683 1353 2730 11
1375 2690 1519 2744 parnt
1546 2682 1583 2744 (l
1588 2683 1741 2743 Ure),

282 2753 335 2793 et
356 2759 418 2793 ex
440 2746 564 2797 facie
581 2756 708 2797 etex
729 2749 888 2806 vultu.
1082 2754 1132 2799 et
1172 2749 1220 2796 d'
1222 2750 1363 2811 aptes
1382 2750 1439 2796 le
1475 2750 1640 2812 visage
1678 2755 1726 2796 et
1760 2745 1807 2794 d’
1810 2747 1947 2808 apres
1979 2747 2026 2793 le
2060 2760 2133 2793 re-

281 2825 377 2860 nec
393 2812 649 2861 abundans
669 2814 849 2870 verbis,
1082 2817 1137 2865 ni
1157 2813 1292 2864 riche
1315 2813 1362 2861 d’
1364 2815 1624 2875 elocution‚
1969 2809 2128 2876 [gard,

282 2877 378 2925 etsi
396 2878 633 2926 fallebat
618 2894 671 2927 m
691 2894 748 2928 eo
770 2879 898 2944 ipso,
1083 2881 1292 2945 quoique
1318 2881 1355 2928 il
1379 2883 1590 2943 trompat
1612 2895 1693 2929 sur
1724 2893 1778 2927 ce
1801 2879 1937 2941 point
1959 2880 2131 2932 meme,

282 2943 570 3000 intervallis,
1081 2960 1172 3008 par
1192 2963 1259 2994 m
1284 2961 1476 3007 pauses,

284 3009 746 3069 exclamationibus,
1012 3056 1019 3063 .
1082 3026 1174 3074 par
1193 3011 1639 3070 mexclamations,

283 3089 401 3123 voce
423 3078 564 3124 suavi
584 3084 636 3124 et
656 3091 853 3135 canora,
1085 3093 1174 3140 par
1189 3094 1241 3128 aa
1259 3079 1376 3126 voix
1398 3079 1550 3129 donce
1583 3086 1632 3125 et
1645 3091 1834 3135 sonore,

282 3140 522 3190 irridebat
539 3143 849 3204 admirando,
1085 3158 1137 3191 se
1158 3144 1377 3205 moquait
1395 3159 1455 3191 en
1478 3159 1502 3191 s
1505 3145 1770 3200 'etonnant‚

285 3207 476 3256 calebat
504 3210 558 3256 in
580 3208 790 3271 agendo,
844 3216 863 3251 1
1085 3225 1111 3257 s
1111 3207 1387 3256 ’echauffait
1407 3223 1468 3256 en
1493 3209 1707 3270 parlant,

285 3273 375 3333 sic,
398 3286 453 3321 ut
480 3289 552 3332 ea,
585 3289 694 3336 quae
714 3273 930 3334 deerant,
1085 3290 1146 3322 en
1163 3284 1292 3322 sorte
1305 3275 1474 3335 queles
1487 3276 1692 3334 quatias,
1705 3272 1791 3336 qui
1805 3269 2135 3331 manquaient,

285 3351 388 3384 non
413 3338 821 3389 desiderarentur.
1084 3355 1119 3387 n
1120 3341 1318 3387 'etaient
1338 3354 1424 3402 pas
1451 3343 1725 3400 τομὰ-«ἑοῦ.
2163 3352 2169 3363 “

286 3402 382 3461 Ita,
415 3411 646 3466 tauquam
667 3407 820 3455 Curio
1084 3406 1245 3463 Aiusi,
1275 3420 1465 3453 comme
1498 3405 1680 3467 Canon
