2592 4084
372 338 488 396 328
1156 354 1419 402 saurus,

367 466 500 525 illos
525 482 640 539 prae
676 483 739 525 se
770 484 927 542 paene
951 475 1202 544 agrestes
1227 474 1405 544 putet.
1428 471 1495 525 At
1522 469 1658 542 quid
1681 475 1767 527 est
1807 476 1919 527 tam
1949 471 2210 547 fractum,

366 584 482 636 tam
501 578 792 652 minutum,
810 585 925 638 tam
951 581 1011 639 in
1026 582 1147 656 ipsa
1166 585 1356 655 (quam
1383 586 1567 639 tamen
1584 582 1961 656 consequitur)
1989 584 2211 640 concin-

368 688 540 746 nitate
586 688 841 762 puerile?
867 692 1169 749 Atticorum
1202 681 1428 748 'similes
1477 707 1597 750 esse
1649 690 1927 750 volumus.
1969 694 2013 749 O
2021 692 2210 765 ptime.

370 800 577 855 Suntne
602 799 774 872 igitur
811 800 852 857 ii
896 801 1049 857 attici
1093 808 1340 859 oratores
1362 801 1391 857 *ἓ
1422 802 1554 870 Quis
1598 817 1803 876 negare
1840 805 2062 875 potest?
2100 806 2215 860 Hos

368 901 671 961 imitamur.
696 905 816 972 Quo
843 904 1027 972 modo,
1058 906 1152 978 qui
1180 912 1310 963 sunt
1335 911 1393 962 et
1417 901 1561 963 inter
1584 921 1644 963 se
1664 905 1980 979 dissimiles,
2004 915 2060 964 et
2076 908 2212 965 alio·

367 1029 495 1071 rum
515 1012 544 1067 ἲ
572 1014 969 1086 Thucydidem,
994 1016 1195 1094 inquit,
1242 1016 1547 1073 imitamur.
1589 1016 1826 1089 Optime,
1852 1018 1901 1073 si
1927 1017 2216 1074 historiam

369 1123 633 1197 scribere,
662 1139 773 1180 non
802 1124 849 1181 si
877 1140 1073 1181 causas
1110 1126 1312 1199 dicere,
1366 1127 1638 1200 cogitatis.
1673 1126 2024 1199 Thucydides
2066 1128 2215 1184 enim

369 1251 558 1294 rerum
606 1243 894 1312 gestarum
940 1238 1328 1314 pronuntiator
1377 1239 1646 1311 sinceruS,
1699 1244 1757 1295 et
1791 1239 2021 1312 grandis
2049 1240 2217 1296 etiam

369 1348 509 1422 fuit3
556 1349 662 1406 hoc
708 1349 946 1421 forense,
982 1349 1465 1416 concertator-ium,
1502 1348 1768 1422 judiciale
1812 1364 1922 1405 non
1959 1350 2220 1406 tractavit

369 1474 568 1532 genus.
585 1459 875 1517 Orationes
896 1464 1106 1534 autem,
1123 1475 1261 1535 quas
1287 1458 1619 1531 interposuit
1645 1458 1857 1527 (multae
1884 1460 2031 1515 enim
2043 1461 2213 1530 sunt),

372 1587 467 1628 eas
509 1586 615 1643 ego
642 1570 872 1629 laudare
898 1571 1082 1641 soleo;
1111 1572 1319 1629 imitari
1356 1588 1537 1645 neque
1563 1571 1794 1644 possim,
1817 1571 1866 1627 si
1896 1572 2084 1643 velim,
2116 1589 2220 1628 uec

370 1678 543 1737 velim
567 1679 826 1752 fortasse,
853 1680 904 1738 si
923 1681 1167 1753 possim:
1209 1687 1289 1748 ut,
1321 1681 1370 1737 si
1394 1681 1520 1754 quis
1548 1679 1781 1737 Falerno
1808 1681 1939 1737 vino
1969 1681 2218 1738 delecte-

372 1794 482 1860 tur,
512 1787 613 1845 sed
627 1802 694 1844 eo
710 1804 813 1846 nec
833 1788 913 1846 ita
937 1805 1102 1863 novo,
1127 1795 1193 1845 ut
1219 1788 1482 1861 proximis
1505 1759 1832 1846 consulibus·
1848 1796 2043 1846 natum
2061 1790 2212 1858 velit,

373 2016 484 2082 pres
509 2013 570 2063 dc
600 2014 674 2063 lui
703 2029 828 2065 ceux
862 2016 947 2079 qui
979 2016 1027 2064 le
1049 2022 1161 2064 sont
1183 2014 1551 2064 veritablement
1576 2013 1651 2063 lui
1673 2014 1945 2079 paruissent
1967 2012 2218 2064 barbares.

373 2118 462 2178 Or.
500 2120 617 2182 qu’y
646 2119 793 2168 s-t-il
815 2118 875 2168 do
895 2119 1007 2183 plus
1031 2118 1201 2178 hsohe,
1231 2118 1292 2167 de
1314 2120 1425 2182 plus
1452 2118 1680 2178 deoousu,
1716 2118 1775 2168 de
1806 2120 1919 2182 plus
1942 2085 2103 2183 puer-il
2125 2133 2224 2181 que

371 2233 501 2277 cette
519 2226 748 2291 elegsncs
775 2225 1091 2291 symetriqus,
1126 2224 1247 2275 dont
1276 2228 1418 2289 apres
1452 2232 1560 2275 tout
1593 2226 1632 2274 il
1665 2225 1792 2274 n’est
1823 2240 1909 2289 pas
1939 2223 2224 2288 deponrvu?

380 2351 405 2381 ι
432 2331 570 2383 Nous
590 2331 798 2382 voulous
828 2332 1115 2382 ressembler
1144 2346 1245 2381 sux
1280 2332 1524 2395 Attiques.
1550 2350 1575 2377 ι
1612 2332 1730 2381 Fort
1760 2332 1889 2380 bien.
1921 2349 1945 2376 ι
1979 2331 2068 2380 Ces
2098 2346 2221 2380 ora-

375 2446 508 2492 tonrs
531 2454 594 2487 ne
620 2438 826 2489 sont-ils
856 2437 984 2490 donc
1013 2455 1100 2504 ps·
1137 2437 1380 2503 attiques?
1413 2458 1436 2484 ο
1465 2437 1564 2501 Qui
1589 2437 1810 2502 pout-rsit
1836 2437 1881 2486 le
1918 2437 2054 2486 niet!
2098 2457 2124 2482 ι
2152 2436 2224 2487 Ce

375 2551 489 2596 sont
517 2559 616 2594 eux
636 2560 731 2609 que
756 2560 882 2596 nous
906 2545 1128 2594 imitons.
1161 2563 1186 2590 ι
1216 2544 1503 2595 Comment!
1540 2542 1704 2608 quand
1739 2543 1804 2593 ils
1839 2541 2063 2592 &flerent
2085 2551 2228 2593 entre

375 2662 475 2703 oux
496 2656 668 2698 suunt
689 2651 837 2714 qu'ils
860 2648 1085 2699 difien-ent
1113 2649 1198 2699 des
1225 2657 1391 2699 autres
1404 2648 1430 2698 t
1467 2669 1491 2696 ι
1519 2650 1567 2700 N
1568 2658 1672 2699 otro
1693 2647 1899 2708 modele,
1933 2649 2052 2698 c'est
2080 2648 2231 2699 Thu-

376 2752 569 2821 cydide.
597 2773 620 2799 ι
650 2752 697 2802 Δ
730 2752 784 2803 ls
808 2753 973 2803 bonne
1005 2752 1173 2812 heure.
1208 2753 1253 2802 si
1283 2768 1407 2803 vous
1437 2756 1607 2804 voulez
1635 2751 1788 2804 ecrite
1818 2766 1917 2803 uns
1947 2751 2151 2803 histoire
2178 2761 2230 2804 et

377 2872 479 2910 non
500 2856 691 2922 plaider
719 2857 805 2908 des
825 2872 1013 2930 osum.
1045 2858 1337 2923 Thucydide
1366 2860 1615 2923 proclamo
1646 2874 1763 2911 eveo
1788 2858 2039 2910 frsnchise
2061 2867 2110 2909 et
2144 2860 2228 2909 di-

378 2962 516 3031 gnite
548 2962 619 3011 les
647 2962 952 3012 &venements
973 2960 1260 3027 politiqucs3
1301 2963 1427 3012 mais
1465 2962 1506 3012 il
1545 2978 1608 3015 ns
1640 2964 1755 3014 s’cst
1783 2964 1926 3029 point
1960 2966 2139 3026 occupe
2165 2962 2228 3012 de

378 3072 504 3119 cetto
527 3066 786 3129 eloqucncs
806 3065 1059 3131 populsire
1080 3074 1128 3116 et
1149 3069 1337 3117 snimee
1361 3068 1446 3132 qui
1473 3071 1699 3119 convient
1716 3082 1781 3118 su
1807 3069 2035 3119 burresu.
2061 3070 2232 3134 Qusnt

379 3189 482 3230 aux
503 3174 723 3224 discours
743 3174 863 3238 qn’il
891 3190 925 3223 u
949 3176 1102 3226 semes
1122 3190 1182 3227 sn
1205 3174 1369 3241 grand
1394 3163 1600 3227 nombre
1623 3177 1748 3226 dsns
1776 3192 1867 3227 son
1891 3177 2118 3237 histoire,
2139 3180 2229 3240 j’si

380 3273 609 3330 coutume
628 3278 742 3328 d’en
762 3278 885 3328 faire
896 3279 1096 3345 l’elogeg
1122 3282 1247 3330 mais
1266 3281 1321 3345 je
1342 3295 1405 3330 ne
1421 3280 1644 3345 pourrsis
1666 3294 1753 3346 pus
1776 3281 1849 3331 les
1870 3281 2036 3331 imiter
2061 3283 2233 3345 quand

350 3339 432 3469 '‘je
453 3383 502 3432 le
519 3381 771 3447 voudrais,
798 3392 847 3433 et
863 3383 915 3446 je
933 3398 998 3433 ne
1019 3385 1065 3435 le
1088 3386 1324 3435 voudrais
1342 3389 1583 3450 pent-etro
1598 3400 1705 3450 με.
1743 3386 1909 3450 qusnd
1924 3384 1983 3451 je
2000 3386 2048 3434 le
2072 3400 2234 3449 pour-

382 3488 501 3536 nis.
524 3489 606 3539 Un
627 3498 848 3541 smsteut
874 3491 934 3541 de
951 3495 1035 3543 vin
1059 3491 1121 3543 de
1138 3493 1345 3544 Falerno
1361 3508 1424 3545 ns
1445 3494 1494 3543 le
1515 3501 1630 3544 vsut
1656 3494 1712 3544 ni
1731 3493 1980 3545 ten-mm
2000 3508 2234 3545 nouvesu
