2592 4084
312 481 390 531 Tu
414 481 585 530 audies
609 481 807 543 quidem

311 548 538 611 quodam
571 549 720 595 verba

312 630 413 663 non
447 616 566 662 trita
585 614 781 668 Romae3

313 682 397 729 sed
425 681 533 729 haec
566 688 766 743 possunt
786 680 967 729 mutari

313 747 618 809 dediscique3

311 814 442 861 illud
467 822 540 861 est
563 814 739 876 majus,

314 879 446 942 quod
470 880 703 942 quiddam
731 880 968 927 urbanius

312 948 495 994 recinit
521 954 570 993 et
595 957 788 995 resonat

313 1013 367 1059 in
391 1013 595 1060 vocibus

311 1088 594 1126 nostrorum
619 1084 885 1126 oratorum.

310 1143 414 1192 Nec
435 1144 528 1191 hoc
546 1155 743 1208 apparet
775 1144 918 1193 modo

311 1212 366 1257 in
400 1211 693 1264 oratoribus,

279 1295 291 1304 ·
313 1275 398 1324 sed
421 1279 565 1323 etiam
591 1278 642 1323 in
666 1277 854 1325 ceteris.

312 1342 419 1405 Ego
444 1344 644 1392 memini

313 1408 373 1455 Τ.
409 1409 613 1456 Tincam
639 1410 995 1468 Placentinum,

312 1474 558 1522 hominem
579 1476 949 1536 facetissimum,

313 1549 499 1589 certare
526 1542 780 1589 dicacitate

313 1621 426 1654 cum
464 1606 526 1667 Q.
564 1606 748 1656 Granio
768 1622 1004 1670 praecone,

314 1683 482 1720 nostro
503 1674 754 1722 familiari.

313 1764 380 1775 —
402 1739 543 1787 Eon'.
573 1741 733 1803 inquit
756 1741 954 1798 Brutus,

314 1805 375 1853 de
393 1821 490 1867 quo
513 1805 732 1854 Lucilius
755 1804 942 1855 multa?

312 1897 380 1907 —
415 1871 516 1919 Isto
539 1874 677 1937 ip-o;

311 1937 398 1985 sed
422 1936 633 1986 Granius

310 2004 552 2052 obruebat
573 2003 776 2051 Tincam

312 2082 417 2116 non
452 2068 689 2117 dicentem
712 2072 873 2118 minus
895 2071 1053 2119 multa

314 2133 528 2182 ridicule
597 2177 603 2183 .

312 2201 482 2248 nescio
504 2216 600 2262 quo
634 2218 802 2265 sapore

311 2269 611 2317 vernaculo:

312 2339 370 2380 ut
403 2348 495 2396 ego
515 2332 619 2395 jam
645 2349 744 2384 non
763 2335 912 2385 mirer

313 2398 443 2447 illud
478 2401 608 2462 quod
635 2400 835 2458 dicitur,

313 2466 550 2513 accidisse
583 2467 936 2531 Theophrasto,

315 2545 468 2592 quum
504 2543 900 2594 percunctaretur

313 2612 377 2644 ex
396 2599 603 2660 quadam
633 2600 849 2658 anicula,

316 2666 490 2726 quanti
516 2665 741 2715 venderet
769 2665 953 2730 aliquid
974 2682 989 2731 3

315 2738 366 2777 et
389 2731 478 2778 illa
510 2732 836 2794 respondisset

314 2805 461 2857 atque
493 2796 775 2858 addidisset,

321 2879 348 2905 a
367 2862 574 2925 Hospes,

318 2942 420 2975 non
443 2935 554 2991 pote
572 2929 802 2984 minoris3
830 2949 854 2974 ι

315 3008 425 3041 eum
452 2995 619 3042 tulisse
642 2997 858 3058 moleste,

317 3075 370 3108 se
389 3076 489 3109 uon
510 3060 736 3124 effugisse

318 3127 527 3188 speciem
562 3127 783 3190 hospitis,

318 3206 469 3255 quum
505 3206 670 3259 ageret

318 3267 511 3308 atatem
544 3261 768 3325 Athenis,

317 3324 692 3390 loquereturque
712 3328 910 3391 optime.

318 3389 552 3449 Omnino,
582 3397 708 3443 sicut
732 3396 922 3458 opinor,

322 3458 522 3518 quidam
546 3475 692 3508 sonus
718 3463 1017 3509 urbanorum

322 3532 397 3570 est
418 3524 470 3572 in
495 3528 674 3574 nostris

1105 362 1368 409 saurus.
2051 352 2161 410 183

1107 480 1185 529 Tu
1205 479 1464 528 entendras
1488 488 1639 530 certes

1104 548 1339 596 certaines
1362 549 1661 607 expressions

1106 628 1206 662 nou
1227 613 1403 661 usitees
1421 615 1450 659 a
1466 613 1640 672 Rome;

1107 680 1232 727 mais
1259 681 1378 727 elles
1401 687 1605 742 peuvent
1624 684 1724 729 etre
1746 681 1984 742 changees

1107 754 1154 794 et
1176 750 1278 794 &tre
1302 746 1623 808 desapprises3

1107 813 1203 860 ceci
1226 819 1299 860 est
1315 813 1425 875 plus
1445 812 1731 874 important,

1106 893 1200 940 que
1221 895 1289 926 un
1313 877 2138 941 accent-de-ville-plus-prononcee

1106 947 1314 993 resonne
1332 954 1378 993 et
1400 946 1598 993 retentit

1107 1010 1229 1058 dans
1248 1012 1299 1058 la
1318 1012 1430 1058 voix

1109 1077 1168 1124 de
1193 1093 1282 1125 nos
1303 1087 1538 1125 orateurs.

1108 1143 1170 1192 Et
1190 1145 1295 1192 cela
1316 1146 1590 1207 n’apparait
1617 1157 1704 1206 pas
1728 1141 1997 1192 seulement

1106 1210 1222 1257 chez
1245 1212 1314 1257 les
1339 1220 1574 1267 orateurs,

1106 1277 1234 1323 mais
1253 1277 1387 1323 aussi
1406 1276 1522 1323 chez
1545 1276 1617 1324 les
1642 1277 1826 1323 autres.

1104 1341 1167 1390 Je
1191 1357 1267 1389 me
1287 1343 1515 1389 souviens

1104 1408 1164 1456 T.
1190 1409 1369 1457 Tincas
1405 1407 1463 1455 de
1482 1407 1749 1469 Plaisanoe,

1105 1474 1303 1522 homme
1323 1475 1636 1535 tres-enjoue,

1108 1540 1344 1603 disputait
1371 1540 1427 1586 de
1462 1541 1644 1587 saillies

1106 1621 1223 1655 aveo
1251 1607 1312 1667 Q.
1340 1605 1557 1655 Granius
1579 1606 1626 1654 le
1648 1604 1827 1670 crieur,

1106 1681 1245 1721 notre
1262 1673 1381 1720 ami.

1171 1765 1236 1776 —
1260 1738 1431 1787 Est-ce
1451 1753 1569 1786 aveo
1590 1737 1735 1795 celui,
1761 1737 1835 1785 dit
1858 1737 2065 1795 Brutus,

1105 1804 1227 1853 dont
1247 1805 1466 1853 Lucilius
1488 1809 1620 1865 parts
1646 1801 1878 1852 souvent?

1169 1897 1236 1907 —
1262 1872 1393 1919 C'est
1415 1886 1531 1919 avec
1552 1869 1763 1919 celui-la
1784 1872 1966 1931 meme3

1106 1939 1230 1984 mais
1253 1937 1470 1986 Granius

1107 2003 1351 2051 aecablait
1376 2003 1556 2052 Tincas

1107 2085 1169 2117 ne
1191 2070 1351 2116 disant
1369 2084 1455 2133 pas
1476 2069 1632 2117 moins
1657 2067 1716 2115 de
1749 2067 1916 2117 choses

1110 2135 1167 2182 de
1192 2136 1732 2184 maniere-a-faire-rire

1108 2217 1195 2263 par
1217 2203 1267 2261 je
1290 2217 1352 2250 ne
1373 2204 1468 2251 sais
1487 2201 1647 2264 quelle
1667 2214 1840 2249 saveur

1110 2267 1401 2315 de-terroirz

1108 2348 1169 2382 en
1193 2343 1322 2381 sorte
1346 2349 1438 2397 que
1450 2334 1501 2397 Je
1532 2347 1596 2379 ne
1617 2331 1859 2379 m'etonne
1884 2330 1994 2393 plus

1108 2414 1163 2447 ce
1184 2402 1267 2462 qui
1289 2411 1363 2447 est
1384 2400 1596 2452 raconte,

1107 2469 1209 2514 &tre
1230 2467 1390 2515 arrive
1416 2468 1445 2513 a
1468 2461 1821 2525 Theophrasto,

1108 2532 1271 2594 quand
1293 2533 1329 2579 il
1353 2531 1633 2579 demandait

1107 2600 1138 2645 a
1159 2613 1255 2645 une
1277 2598 1441 2656 vieille
1463 2598 1639 2646 femme

1105 2666 1327 2712 combien
1351 2664 1445 2711 elle
1465 2662 1662 2712 vendait
1677 2673 1747 2706 un
1767 2657 1899 2720 objet
1920 2671 1934 2716 3

1107 2738 1154 2779 et
1175 2746 1256 2791 que
1277 2730 1474 2778 celle-la
1497 2730 1629 2778 avait
1651 2724 1871 2789 repondu

1106 2804 1154 2845 et
1179 2799 1314 2845 avait
1342 2796 1505 2860 ajoute
1535 2812 1548 2843 z

1108 2883 1133 2908 «ι
1159 2862 1416 2925 Etranger,

1107 2944 1193 2990 pas
1214 2930 1424 2993 possible
1446 2931 1476 2977 a
1492 2929 1679 2994 moins3
1719 2946 1741 2972 υ

1107 2995 1180 3046 lui
1205 2997 1339 3044 avoir
1374 2998 1600 3058 supporte
1622 3000 1715 3046 osci
1736 2990 2028 3055 avec-peine,

1111 3063 1183 3110 soi
1208 3063 1400 3111 n’avoir
1423 3077 1507 3124 pas
1524 3063 1649 3110 avite

1105 3128 1219 3176 l’air
1242 3128 1359 3176 d'un
1394 3131 1638 3191 stranger,

1103 3194 1266 3256 quand
1297 3195 1336 3242 il
1361 3195 1541 3257 passait

1106 3277 1157 3308 sa
1180 3260 1257 3307 vie
1279 3261 1311 3308 a.
1334 3261 1564 3316 Ath'enes,

1110 3335 1158 3374 et
1179 3327 1358 3390 parlait
1378 3328 1638 3375 tres-hieu.

1112 3392 1187 3441 En
1208 3408 1410 3450 somme,
1431 3407 1619 3440 comme
1641 3392 1692 3454 je
1721 3404 1885 3453 pense,

1114 3463 1294 3508 certain
1320 3465 1489 3507 accent
1520 3459 1577 3505 de
1595 3456 1800 3506 citadins

1117 3532 1188 3572 est
1207 3526 1323 3573 chez
1344 3526 1415 3573 les
1435 3527 1619 3582 noti-es,
