2592 4084
226 523 497 573 admodum
517 524 820 591 adolesoens;

220 604 512 639 consecutus
531 599 602 639 est

219 672 323 705 non
357 659 504 706 modo

221 738 470 771 summam
509 723 702 772 laudem
743 726 956 788 ingenii,
1012 721 1386 786 le·plus-grand
1404 723 1544 785 eloge
1564 722 1630 769 du
1647 723 1806 786 genie,

219 790 308 837 sed
334 792 480 839 etiam
507 790 891 841 admirationem.

223 855 411 905 Postea
437 856 651 903 defendit

219 924 468 984 virginem
492 922 750 981 Liciniam,

220 1003 375 1049 quum
397 998 542 1036 natus
561 999 684 1037 esset

218 1066 386 1103 xxvn
412 1071 595 1117 annos;

220 1120 320 1168 fuit
350 1122 777 1184 eloquentissimus

220 1186 277 1234 iu
305 1202 363 1234 ea
399 1188 506 1250 ipsa
527 1205 688 1246 causa,

218 1253 513 1315 reliquitque
539 1257 742 1319 scriptas

219 1319 462 1380 quasdam
487 1329 643 1382 partes

220 1387 332 1443 ejus
355 1388 606 1436 orationis.

219 1450 398 1498 Voluit
421 1453 698 1504 adolescens

217 1518 462 1581 attingere
486 1521 673 1584 aliquid

216 1597 383 1631 eausae
407 1589 672 1648 popularis,

217 1650 274 1697 iu
305 1651 500 1700 colonia
520 1649 848 1707 Narbonensi,

218 1724 268 1763 et
293 1715 527 1768 deducere
547 1722 650 1784 ipse

215 1796 330 1830 eam
354 1784 614 1847 coloniam,

214 1857 276 1896 ut
301 1848 437 1897 fecit.

214 1912 396 1963 Oratio
423 1916 476 1964 in
500 1933 605 1966 eam
637 1921 797 1983 legem

213 1987 400 2039 exstat,
440 1986 603 2032 senior
618 2020 631 2043 ,

215 2057 274 2095 ut
296 2049 370 2095 ita
391 2048 568 2108 dicam,

190 2128 374 2175 ·quam
397 2114 487 2161 illa
510 2122 626 2164 aetas
651 2118 848 2166 ferebat.

213 2178 416 2229 Deinde
437 2183 606 2230 multae
626 2198 785 2232 causae
796 2200 814 2247 ;

214 2245 304 2294 sed
325 2246 612 2297 tribunatus

217 2313 294 2359 ita
319 2314 521 2370 tacitus,

213 2385 296 2436 ut,
323 2380 364 2426 si
385 2379 437 2427 in
451 2395 506 2428 eo
518 2382 812 2445 magistratu

214 2458 321 2492 nou
350 2448 638 2497 coenavisset

217 2510 351 2572 apud
378 2528 646 2573 praeconem
667 2514 926 2574 Granium,

217 2575 539 2641 Luciliusque
560 2584 856 2631 narravisset

218 2643 301 2689 bis
325 2642 377 2690 id
400 2647 558 2705 nobis,

218 2710 521 2759 nesciremus

218 2773 377 2823 fuisse
409 2780 663 2827 tribunum
684 2780 856 2843 plebis.

290 2866 357 2878 -—·
381 2842 460 2890 Ita
476 2860 693 2907 prorsus,

217 2906 382 2967 inquit
411 2909 617 2977 Brutus;

218 2972 307 3019 sed
329 2975 495 3024 videor
518 2978 762 3026 audivisse

218 3053 284 3086 ne
305 3040 497 3101 quidem

217 3104 280 3152 do
304 3107 559 3158 tribunatu
582 3109 807 3159 Scaevolae

216 3171 511 3237 quidquam,

216 3246 270 3285 et
286 3240 432 3288 credo

217 3316 330 3351 eum
355 3305 504 3354 fuisse

216 3370 460 3432 collegam
489 3371 671 3422 Crassi.

215 3460 289 3472 —
316 3436 379 3484 In
399 3439 627 3485 omnibus
649 3439 760 3488 aliis

216 3504 590 3564 magistratibus
609 3504 822 3567 quidem,

214 3568 441 3630 inquam,

1019 404 1283 451 BRUTUS.

1018 523 1144 569 ὀιαπε
1177 525 1456 573 tout-a-fait
1474 527 1646 587 jeune;

1015 589 1054 636 il
1078 591 1242 651 aequit

1016 658 1410 705 non-seulement

1016 790 1140 835 mais
1163 804 1338 837 encore
1358 790 1708 837 l'admiration.

1017 854 1217 902 Eusuite
1242 857 1278 903 il
1316 856 1531 903 defendit

1017 922 1066 968 la
1086 924 1265 969 vestale
1284 923 1493 976 Licinia,

1015 986 1237 1049 lorsqu’il
1261 990 1378 1036 etait
1402 991 1493 1052 age

1019 1052 1078 1100 de
1095 1056 1371 1117 vingt-sept
1392 1070 1506 1112 ans;

1016 1119 1055 1167 il
1079 1121 1155 1168 fut
1185 1122 1532 1183 tres-eloquent

1020 1185 1140 1234 dans
1164 1195 1286 1234 cette
1311 1190 1465 1235 meme
1484 1201 1647 1240 cause,

1019 1259 1066 1299 et
1086 1253 1236 1299 laissa
1254 1254 1427 1300 ecrites

1018 1320 1248 1381 quelques
1278 1321 1457 1382 parties

1019 1384 1076 1432 de
1096 1400 1150 1433 ce
1172 1385 1408 1434 discours.

1016 1449 1060 1499 11
1084 1452 1255 1498 voulut
1279 1452 1401 1499 dans
1424 1467 1478 1499 sa
1493 1451 1712 1512 jeunesse

1018 1531 1213 1578 essayer
1229 1520 1437 1579 quelque
1465 1517 1611 1565 chose

1018 1582 1164 1631 d’une
1185 1584 1355 1632 affaire
1381 1584 1650 1647 populaire,

1985 393 2092 446 165)

1016 1649 1250 1713 a-propos
1272 1651 1332 1698 de
1360 1652 1410 1698 la
1432 1650 1620 1698 colonie
1642 1648 1700 1698 de
1720 1649 2002 1709 Narbonne,

1013 1722 1062 1763 et
1081 1716 1311 1764 conduire
1332 1717 1402 1764 lui
1435 1719 1679 1765 lui-meme

1017 1790 1139 1830 cette
1157 1780 1363 1842 colonie,

1018 1864 1207 1897 comme
1227 1851 1264 1897 il
1297 1849 1438 1897 lesit.

1017 1915 1109 1963 Son
1133 1916 1351 1963 discours
1369 1931 1452 1963 sur
1475 1921 1595 1963 cette
1616 1915 1685 1962 loi

1020 1982 1243 2040 subsiste,
1269 1982 1526 2043 plus-mur,

1020 2063 1143 2109 pour
1167 2050 1291 2095 ainsi
1320 2048 1437 2106 dire,

1021 2127 1114 2174 que
1133 2121 1208 2162 cet
1224 2117 1317 2175 age
1335 2130 1396 2161 ne
1421 2120 1460 2162 10
1483 2112 1791 2177 compet-tait.

984 2237 991 2244 ·
1021 2179 1222 2227 Ensuite
1240 2185 1415 2229 vinrent
1439 2181 1688 2243 beaucoup
1713 2180 1772 2227 de
1795 2192 1963 2229 causes
1985 2194 2005 2237 ε

1020 2248 1144 2294 mais
1165 2262 1246 2294 con
1270 2248 1487 2294 tribunat

1022 2314 1093 2372 fut
1120 2314 1367 2360 tellement
1387 2314 1671 2371 silencieux,

1021 2392 1133 2440 que,
1160 2380 1200 2427 si
1228 2378 1349 2426 dans
1370 2387 1492 2427 cette
1522 2379 1718 2443 charge,

1017 2444 1057 2492 il
1089 2447 1272 2493 n’avait
1290 2462 1375 2508 pas
1400 2447 1546 2508 soupe

1017 2511 1136 2558 chez
1155 2512 1199 2558 le
1221 2514 1380 2559 crieur
1404 2512 1637 2566 Granius,

1019 2588 1066 2624 et
1098 2584 1140 2625 si
1163 2578 1381 2626 Lucilius
1392 2579 1575 2626 n’avait
1589 2593 1672 2638 pas
1693 2576 1890 2624 raconte

1017 2643 1146 2692 deux
1165 2645 1260 2691 fois
1283 2646 1387 2691 cela
1408 2646 1438 2691 a
1459 2660 1603 2705 nous,

1014 2725 1139 2758 nous
1161 2713 1469 2774 ignorerions

1014 2778 1136 2839 qu’il
1155 2778 1228 2826 sut
1248 2778 1416 2825 tribun
1438 2778 1504 2824 du
1527 2776 1715 2840 peuple.

1080 2867 1147 2878 -
1169 2843 1266 2893 Oui
1285 2846 1603 2901 assurement,

1018 2909 1090 2958 dit
1105 2911 1290 2959 Brutus
1306 2931 1320 2974 3

1014 2979 1137 3025 mais
1153 2979 1204 3039 je
1222 2978 1351 3024 crois
1374 2977 1510 3025 avoir
1527 2974 1742 3023 entendu

1014 3058 1100 3105 pas
1125 3047 1278 3091 meme

1016 3125 1102 3156 sur
1129 3111 1174 3157 le
1185 3112 1407 3158 tribunat
1428 3110 1487 3159 de
1508 3110 1708 3160 Scevola

1015 3176 1130 3239 quoi
1156 3191 1249 3239 que
1267 3193 1323 3225 ce
1347 3177 1457 3234 soit,

1015 3252 1062 3291 et
1082 3243 1132 3305 Je
1150 3244 1276 3291 crois

1012 3310 1085 3358 lui
1105 3310 1241 3357 avoir
1258 3309 1336 3357 ete

989 3376 1235 3437 -conegue
1261 3377 1320 3422 de
1342 3374 1567 3423 Crassus.

1013 3469 1078 3479 —
1099 3441 1234 3488 Dans
1258 3448 1418 3488 tontes
1448 3440 1520 3487 les
1549 3448 1711 3489 autres

1014 3508 1220 3569 charges
1247 3506 1520 3563 dix-moins,

1017 3573 1092 3620 dis
1124 3572 1188 3634 je,
