2592 4084
511 387 628 444 364
1302 396 1563 446 saurus,

509 512 631 567 fuit.
653 514 845 583 Itaque
863 527 1038 581 quum
1058 526 1242 567 essem
1258 510 1545 566 biennium
1570 516 1820 566 versatus
1847 512 1905 566 in
1925 511 2129 583 causiS,
2162 518 2220 568 et
2236 511 2351 583 jam

510 606 567 661 in
601 606 723 662 foro
765 606 1104 664 celebratum
1145 625 1333 663 meum
1359 610 1362 614 ’
1385 624 1589 665 nomen
1632 615 1795 680 esset,
1845 612 2021 664 Roma
2059 626 2187 665 sum
2224 628 2350 682 pro-

507 703 703 759 fectus.

578 802 761 867 Quum
796 800 1073 857 venissem
1098 801 1364 873 Athenae,
1392 818 1486 857 sex
1527 818 1746 858 menses
1779 818 1905 857 cum
1929 802 2225 872 Antiocho,
2253 820 2347 858 ve-

506 896 645 952 teris
685 896 997 953 Academiae
1038 896 1383 954 nobilissimo
1429 906 1485 954 et
1531 899 1953 972 prudentissimo
1998 898 2344 969 philosopho,

505 992 604 1063 fui,
638 992 992 1064 studiumque
1019 992 1384 1065 philosophiae
1411 1011 1695 1068 nunquam
1732 995 2131 1066 intermissum,
2171 1012 2206 1050 a
2234 996 2347 1067 pri-

506 1105 707 1162 maque
745 1088 1123 1146 adolescentia
1156 1089 1371 1145 cultum
1408 1095 1465 1146 et
1491 1107 1709 1162 semper
1735 1096 1980 1161 auctum,
2009 1090 2118 1146 hoc
2155 1106 2344 1146 rursus

504 1201 723 1242 summo
746 1190 969 1241 auctore
1007 1190 1064 1241 et
1086 1184 1311 1242 doctore
1339 1187 1625 1243 renovavi.
1656 1186 1864 1258 Eodem
1885 1191 2072 1242 tamen
2096 1191 2342 1256 tempore

501 1282 730 1338 Athenis
766 1283 915 1354 apud
940 1282 1281 1338 Demetrium
1306 1283 1528 1353 Syrum,
1555 1289 1801 1341 veterem
1829 1288 1884 1339 et
1907 1298 2017 1339 non
2045 1282 2342 1353 ignobilem

502 1378 724 1434 dicendi
769 1378 1115 1449 magistrum,
1159 1379 1402 1434 studiose
1436 1379 1682 1435 exerceri
1709 1377 1976 1434 solebam.
2019 1381 2156 1433 Post
2187 1396 2221 1434 a
2256 1396 2340 1434 me

499 1474 630 1529 Asia
669 1478 786 1529 tota
830 1480 1127 1545 peragrata
1159 1480 1270 1547 est,
1322 1491 1450 1530 cum
1489 1475 1721 1531 summis
1751 1473 1976 1550 quidem
2007 1474 2337 1544 oratoribus,

501 1569 834 1643 quibuscum
881 1570 1176 1626 exercebar
1212 1570 1348 1641 ipsis
1380 1571 1718 1642 lubentibus,
1765 1585 2001 1643 quornm
2040 1574 2164 1624 erat
2186 1570 2339 1641 prin-

498 1680 631 1739 ceps
677 1664 967 1735 Menippus
1016 1664 1466 1738 Stratonicensis,
1513 1680 1637 1721 meo
1668 1664 1897 1737 judicio,
1937 1669 2056 1719 tota
2079 1664 2211 1719 Asia
2232 1664 2340 1732 illis

497 1761 839 1833 temporibus
881 1762 1278 1819 disertissimus
1325 1781 1339 1818 :
1382 1769 1439 1819 et
1472 1763 1522 1818 si
1551 1761 1686 1818 nihil
1719 1760 1923 1817 habere
1961 1759 2339 1816 molestiarum

498 1872 602 1913 nec
643 1857 995 1932 ineptiarum,
1026 1859 1332 1915 Atticorum
1359 1863 1460 1928 est,
1487 1859 1576 1914 hic
1607 1863 1796 1912 orator
1815 1856 1874 1911 in
1913 1855 2028 1911 illis
2058 1871 2320 1912 numerar

493 2143 632 2196 avoir
652 2146 860 2194 defendu
883 2146 965 2194 des
983 2161 1152 2196 causes
1176 2146 1390 2210 pendant
1411 2147 1541 2195 deux
1567 2161 1670 2209 ans,
1712 2152 1761 2194 et
1789 2145 1959 2208 ecquis
1987 2145 2099 2207 ddja
2131 2145 2336 2207 quelque

490 2239 717 2288 celebrite
740 2219 1051 2299 au'barreau,
1075 2239 1126 2301 je
1148 2240 1324 2301 quittai
1349 2240 1518 2288 Rome.

491 2306 499 2314 Ι
558 2330 729 2381 Ari-ive
752 2331 784 2377 ὸ,
802 2329 1030 2391 Athenes,
1055 2330 1106 2394 je
1130 2333 1286 2394 passai
1328 2332 1406 2379 six
1443 2332 1567 2377 mois
1601 2344 1717 2376 avec
1740 2326 2024 2381 Antiochus,
2059 2327 2103 2373 le
2123 2327 2231 2388 plus
2253 2343 2337 2375 sa-

491 2426 610 2469 vant
631 2427 678 2467 et
699 2420 746 2469 le
772 2420 882 2482 plus
918 2421 1107 2469 illustre
1131 2421 1414 2485 philosophe
1435 2421 1492 2469 de
1514 2420 1564 2480 la
1587 2419 1747 2467 vieille
1770 2418 2040 2468 Academia.
2080 2417 2144 2463 La
2165 2417 2215 2478 je
2251 2433 2334 2465 re-

491 2514 789 2577 commencai
810 2528 924 2561 sous
949 2529 1015 2560 un
1033 2518 1207 2561 mettre
1225 2514 1267 2560 si
1288 2513 1423 2561 riche
1446 2512 1505 2560 de
1523 2513 1727 2573 science,
1744 2519 1792 2559 et
1810 2513 1851 2558 si
1869 2509 2026 2557 habile
2045 2511 2075 2553 a
2094 2511 2143 2553 la
2163 2516 2332 2557 trans-

488 2612 680 2663 mettre‚
707 2605 887 2653 l'etude
906 2604 964 2652 de
996 2605 1045 2656 la
1070 2604 1374 2670 philosophie
1395 2619 1487 2667 que
1517 2604 1566 2662 je
1588 2603 1773 2650 n’avais
1795 2602 1962 2667 jamais
1988 2600 2327 2662 abandonnee,

487 2704 536 2745 et
574 2696 695 2744 dans
736 2697 942 2759 laquelle
968 2702 1018 2760 je
1048 2697 1236 2744 n'avais
1279 2699 1408 2745 cesse
1445 2697 1613 2759 depuis
1646 2710 1729 2743 ma
1763 2695 1992 2759 premiere
2011 2699 2233 2756 jeunesse
2273 2695 2327 2742 de

485 2787 717 2836 chercber
738 2793 848 2835 tous
874 2787 944 2835 les
961 2789 1098 2851 Jours
1117 2788 1321 2849 quelque
1336 2788 1561 2834 nouvelle
1578 2789 1940 2836 connaissance.
1959 2787 2094 2835 Dans
2109 2787 2154 2833 le
2173 2788 2324 2833 meme

486 2885 643 2943 temps
661 2883 710 2940 je
737 2893 797 2927 ne
823 2879 1012 2927 laissais
1036 2893 1122 2941 pas
1142 2878 1199 2925 de
1231 2879 1494 2930 m’exercer
1515 2881 1545 2926 a
1566 2880 1681 2927 l'art
1698 2878 1923 2936 oratoire,
1951 2881 2123 2941 aupres
2145 2878 2201 2923 de
2223 2878 2320 2924 De-

483 2970 688 3019 metrius
711 2969 772 3017 de
794 2968 954 3031 Syrie,
977 2973 1151 3017 mattre
1186 2970 1358 3017 ancien
1381 2978 1429 3018 et
1454 2985 1585 3018 assez
1621 2973 1886 3019 renomme.
1917 2970 2120 3018 Euenite
2135 2974 2185 3031 je
2209 2984 2323 3029 par-

483 3075 662 3111 contus
685 3068 817 3112 toute
838 3062 1004 3120 l'Asie,
1034 3064 1360 3126 accompagn&
1382 3061 1464 3110 des
1495 3063 1606 3127 plus
1625 3062 1808 3126 grands
1836 3071 2068 3119 crateuas,
2092 3062 2174 3123 qui
2195 3061 2323 3108 diri-

482 3155 675 3220 geaient
709 3168 809 3202 mes
834 3153 1078 3202 exercices
1106 3169 1219 3202 avec
1256 3155 1505 3218 beaucoup
1529 3154 1587 3203 de
1612 3156 1984 3217 complaisance.
2016 3154 2079 3203 Le
2116 3149 2323 3216 premier

484 3247 668 3295 d'entre
697 3261 792 3294 eux
808 3245 926 3293 etait
947 3244 1168 3309 Menippe
1190 3247 1249 3294 de
1268 3246 1554 3305 Stratonice,
1576 3246 1820 3306 l’homme,
1848 3247 1986 3298 selon
2009 3249 2129 3303 moi,
2152 3247 2200 3294 le
2216 3248 2319 3309 plns

480 3339 709 3402 eloquent
735 3337 855 3402 qu’il
874 3352 908 3400 y
927 3339 1010 3386 efit
1029 3339 1158 3386 alors
1175 3338 1295 3387 dans
1322 3347 1452 3388 toute
1469 3338 1638 3387 l’Asie.
1661 3338 1843 3399 Certos,
1868 3338 1911 3385 si
1938 3339 2057 3388 c’est
2082 3339 2130 3385 le
2150 3353 2320 3386 carac-

481 3435 581 3481 tere
599 3433 656 3482 de
678 3435 951 3482 l'atticisme
974 3432 1032 3481 de
1051 3449 1112 3481 ne
1139 3436 1241 3481 rien
1262 3434 1365 3482 dire
1387 3432 1604 3481 d'affecte
1618 3432 1672 3480 ni
1693 3432 2084 3494 d'inconvenant,
2109 3441 2188 3482 cet
2209 3449 2321 3482 ora-

476 3528 588 3573 teur
610 3527 778 3576 merite
804 3526 952 3576 d'etre
977 3529 1164 3591 compte
1184 3526 1343 3591 parmi
1363 3526 1433 3574 les
1449 3526 1688 3588 Attiques.
1715 3525 1881 3588 Denys
1908 3525 1968 3574 de
1990 3526 2242 3590 Magnesie
2262 3544 2320 3576 ne
