2592 4084
499 312 611 367 288
1286 315 1554 361 BRUTUS.

493 437 629 491 lium
659 441 714 491 et
749 431 1070 496 Pacuvium,
1105 430 1251 486 male
1280 430 1494 485 locutos
1531 429 1828 485 videmus:
1858 427 1957 484 sed
1995 445 2193 484 omnes
2221 432 2347 484 tum

490 546 630 608 fere,
652 544 744 615 qui
766 558 867 597 nec
890 547 1042 597 extra
1062 541 1259 595 urbem
1282 540 1423 594 hanc
1453 539 1722 609 vixerant,
1755 554 1859 594 nec
1886 555 1979 594 eos
2002 539 2198 611 aliqua
2217 540 2346 595 bar-

490 652 674 707 baries
696 650 997 706 domestica
1026 650 1418 713 insufflaverat,
1446 653 1594 704 recte
1633 647 2017 720 loquebantur.
2052 648 2164 702 Sed
2195 646 2344 704 hanc

489 768 637 818 certe
662 778 780 816 rem
808 761 1136 817 deteriorem
1168 766 1415 817 vetustas
1436 759 1568 816 fecit
1593 764 1647 814 et
1678 761 1889 823 Romae,
1916 764 1971 814 et
1998 759 2055 812 in
2086 758 2337 829 Graecia3

490 871 866 926 confluxerunt
911 869 1058 926 enim
1084 874 1142 925 et
1177 869 1440 934 Athenas,
1479 874 1537 925 et
1572 868 1631 924 in
1658 869 1799 925 hanc
1822 868 2018 924 urbem
2062 869 2222 923 multi
2250 869 2337 923 in-

490 979 711 1051 quinate
729 979 1016 1051 loquentes
1040 993 1105 1033 ex
1132 977 1368 1035 diversis
1396 978 1536 1034 locis
1559 995 1573 1033 τ
1603 995 1711 1050 quo
1738 978 1918 1050 magis
1947 978 2341 1050 expurgandus

488 1095 574 1146 est
598 1103 806 1153 sermo,
837 1093 893 1143 et
915 1083 1248 1152 adhihenda,
1277 1092 1543 1159 tanquam
1575 1087 1822 1153 obrussa,
1853 1088 2019 1153 ratio,
2055 1105 2182 1158 quae
2210 1104 2338 1142 mu-

485 1198 594 1254 tari
615 1214 722 1252 non
754 1200 962 1268 potest3
992 1211 1094 1251 nec
1125 1195 1396 1251 utendum
1429 1196 1760 1268 pravissima
1799 1198 2217 1254 consuetudinis
2241 1215 2336 1254 re-

480 1309 639 1381 gula.
653 1310 714 1362 T.
731 1306 1226 1378 Flamininum‚qui
1241 1321 1370 1360 cum
1383 1307 1447 1373 Q.
1461 1306 1686 1362 Metello
1711 1306 1901 1362 consul
1927 1307 2056 1373 fuit,
2073 1308 2235 1379 pueri
2254 1310 2339 1365 vi-·

487 1420 689 1488 dimus3
709 1416 1123 1473 existimabatur
1133 1418 1274 1473 bene
1293 1417 1463 1473 latine
1486 1416 1659 1489 loqui,
1677 1418 1776 1473 sed
1791 1418 2005 1474 litteras
2028 1419 2332 1474 nesciebat.

483 1527 710 1582 Catulus
733 1532 853 1582 erat
872 1526 968 1582 ille
991 1526 1217 1599 quidem
1244 1527 1471 1583 minime
1503 1528 1776 1592 indoctus,
1805 1533 1868 1583 ut
1892 1544 1925 1584 a
1952 1506 2007 1584 te
2032 1528 2222 1599 paullo
2252 1534 2341 1584 est

486 1643 612 1693 ante
649 1635 888 1708 dictum;
930 1635 1029 1691 sed
1055 1642 1243 1691 tamen
1278 1636 1522 1693 suavitas
1558 1635 1732 1701 vocis,
1775 1641 1829 1690 et
1862 1634 2005 1690 lenis
2033 1635 2340 1707 appellatio

484 1746 822 1817 litterarum,
846 1745 987 1802 bene
1020 1745 1280 1817 loquendi
1308 1746 1514 1799 famam
1538 1743 1863 1800 confecerat.
1896 1743 2076 1812 Cotta,
2108 1741 2240 1814 quia
2273 1758 2342 1798 se

486 1857 647 1913 valde
672 1855 969 1913 dilatandis
993 1834 1193 1910 litteris
1219 1870 1251 1909 a
1276 1852 1637 1909 similitudine
1662 1853 1866 1908 Graeoae
1893 1850 2190 1907 locutionis
2212 1851 2340 1907 abs-

484 2133 610 2189 mah
655 2131 780 2179 mais
816 2144 876 2177 en
917 2131 1115 2195 general
1148 2138 1259 2178 tous
1288 2146 1414 2178 ceux
1456 2130 1544 2193 qui
1585 2130 1831 2178 n’avaient
1862 2144 1949 2191 pas
1989 2130 2106 2176 vecu
2131 2130 2246 2177 hors
2271 2129 2340 2177 de

483 2232 653 2289 Rome,
680 2245 744 2277 ou
762 2229 899 2292 puise
923 2229 1044 2277 dans
1064 2228 1134 2277 les
1154 2229 1398 2293 exemples
1426 2228 1748 2290 domestiques
1783 2227 1865 2276 des
1896 2230 2059 2292 leoons
2093 2228 2150 2275 de
2182 2244 2334 2276 mau-

482 2333 586 2380 vais
607 2335 741 2396 gout,
769 2332 1129 2393 s'exprimaient
1150 2338 1420 2395 purement.
1442 2330 1691 2380 Toutefois
1717 2331 1765 2378 le
1787 2335 1942 2401 temps
1968 2345 1998 2377 a
2028 2329 2141 2377 chez
2174 2345 2331 2388 nous,

483 2449 671 2482 comme
691 2433 810 2481 dans
838 2434 892 2481 la
931 2433 1099 2491 Grece,
1128 2433 1278 2482 altere
1310 2440 1434 2481 cette
1464 2433 1704 2495 precieuse
1747 2431 1945 2493 qualite.
1988 2431 2154 2488 Rome,
2192 2432 2333 2480 ainsi

481 2534 794 2597 qu’Athenes,
816 2549 848 2583 a
868 2549 935 2582 vu
956 2532 1131 2582 affluar
1163 2533 1221 2582 de
1252 2540 1412 2582 tontes
1449 2539 1583 2596 parts
1613 2546 1709 2579 une
1738 2530 2001 2579 multitude
2030 2532 2340 2594 d'etrangern

481 2635 564 2695 qui
585 2636 886 2697 apportaient
914 2651 982 2682 un
1006 2637 1218 2698 langage
1235 2636 1442 2682 barbare
1469 2650 1482 2680 z
1509 2647 1735 2681 nouveau
1753 2631 1900 2680 motif
1920 2647 2044 2695 pour
2063 2634 2238 2696 epurer
2265 2634 2337 2683 de

479 2734 590 2795 plus
613 2749 670 2782 en
690 2735 800 2797 plus
824 2749 913 2781 son
938 2735 1081 2796 style,
1107 2740 1156 2783 et
1177 2749 1302 2796 pour
1334 2734 1602 2796 l’eprouver
1626 2748 1689 2782 au
1713 2741 1901 2782 orenset
1936 2735 1996 2782 de
2022 2735 2338 2784 l'immuable

479 2835 658 2893 raison,
689 2850 802 2882 sans
826 2836 928 2882 s'en
961 2840 1211 2897 rapporter
1232 2838 1262 2882 a
1292 2835 1499 2898 l'usage,
1541 2836 1585 2882 le
1620 2836 1732 2898 plus
1768 2838 1990 2885 mauvais
2028 2837 2087 2884 de
2113 2844 2223 2885 tous
2251 2838 2332 2885 les

479 2933 669 2995 guides.
691 2933 793 2981 J‘ai
817 2948 881 2979 vu
917 2933 1037 2981 dans
1067 2948 1184 2981 mon
1213 2935 1416 2983 enfance
1453 2937 1512 2985 T.
1551 2937 1875 2998 Flamininus,
1920 2939 2004 3000 qui
2039 2938 2118 2986 fut
2154 2941 2336 2987 consul

477 3048 593 3080 aveo
607 3032 850 3080 Metellus.
876 3031 954 3081 On
976 3034 1188 3081 estimait
1212 3049 1267 3082 sa
1289 3039 1480 3099 φατειός
1507 3040 1630 3086 mnis
1646 3038 1687 3086 il
1714 3039 1832 3086 etait
1865 3055 1977 3087 sans
2002 3040 2184 3088 lettres.
2219 3040 2331 3088 Ca·-

477 3134 629 3194 tulus,
661 3147 845 3181 comme
863 3147 983 3183 vous
1002 3134 1050 3182 le
1073 3134 1221 3184 disses
1243 3143 1351 3185 tout
1389 3139 1421 3185 ὰ.
1446 3138 1648 3197 L'heure,
1678 3154 1739 3188 ne
1770 3142 2025 3205 manquait
2051 3142 2331 3189 nullement

479 3234 845 3292 d’instruction3
871 3234 1139 3297 oependant
1159 3238 1278 3285 c’est
1290 3252 1357 3286 au
1377 3239 1575 3287 charme
1602 3239 1660 3286 de
1682 3256 1737 3288 sa
1760 3242 1875 3289 voix
1897 3250 1945 3289 et
1975 3245 2005 3289 ὲ,
2033 3243 2083 3289 la
2111 3242 2331 3291 douceur

478 3332 535 3380 de
559 3348 614 3381 sa
633 3334 1021 3397 prononciation,
1052 3337 1175 3399 qu’il
1197 3337 1284 3385 dut
1313 3337 1365 3386 la
1392 3339 1663 3401 reputation
1697 3339 1756 3387 de
1787 3341 1900 3389 bien
1932 3341 2112 3403 parler.
2160 3342 2326 3403 Cotta,

477 3449 599 3497 pour
622 3449 684 3482 ne
706 3451 791 3497 pas
811 3438 1093 3485 ressembler
1117 3454 1215 3486 aux
1233 3438 1404 3500 Grecs,
1426 3439 1626 3489 donneit
1640 3455 1738 3489 aux
1755 3443 1966 3505 voyelles
1986 3458 2054 3490 un
2070 3457 2159 3491 son
2183 3444 2332 3508 large
