2592 4084
440 312 477 365 2
491 314 560 366 12
1232 321 1474 367 BRUTUS
1483 348 1498 363 .

442 443 636 494 rentur
648 435 978 508 voluntates;
991 441 1253 508 quantam
1270 416 1378 491 sibi
1393 432 1691 508 potentiam
1706 437 1952 493 Soeevola
1965 446 2296 503 assumeret,

443 535 490 592 si
515 550 677 590 nemo
719 533 954 589 auderet
989 537 1385 588 testamentum
1427 533 1609 589 facere
1647 537 1857 605 postea,
1885 533 1991 588 nisi
2034 532 2103 589 de
2145 533 2296 590 illius

445 631 737 689 sententia.
784 632 914 685 Haec
955 646 1126 702 quum
1164 629 1428 701 graviter,
1467 635 1586 686 tum
1630 629 1699 686 ab
1745 630 2008 702 exemplis
2052 632 2294 702 copiose,

445 733 564 784 tum
591 725 765 797 varie,
793 730 913 782 tum
950 725 1115 781 etiam
1148 725 1383 782 ridicule
1411 731 1468 783 et
1491 726 1667 783 facete
1697 724 1995 798 explicans,
2033 739 2160 782 eam
2199 727 2294 783 ad-

449 823 793 881 mirationem
842 821 1327 896 assensionemque
1381 823 1710 895 commovit,
1755 821 1955 879 dixisse
2003 828 2068 879 ut
2110 828 2300 880 contra

446 935 609 976 nemo
623 919 921 975 videretur.
944 921 1062 974 Hoc
1085 924 1205 975 erat
1221 920 1458 976 oratoris
1472 919 2025 991 officiumpartitione
2049 922 2298 988 tertium,
2403 958 2414 971 .

446 1033 649 1091 genere
668 1016 993 1073 maximum.
1021 1016 1124 1072 Hic
1163 1015 1263 1072 ille
1306 1017 1373 1072 de
1408 1017 1613 1090 populo
1639 1017 1836 1091 judex,
1878 1016 1975 1089 qui
2004 1018 2299 1090 separatim

450 1116 687 1172 alterum
709 1112 1016 1169 admiratus
1039 1117 1205 1184 esset,
1224 1112 1395 1184 idem,
1423 1113 1612 1169 audito
1632 1113 1829 1185 altere,
1841 1112 2115 1184 judicium
2140 1131 2299 1170 suum

448 1215 855 1281 contemneret3
888 1214 947 1265 at
964 1224 1096 1265 vero
1121 1208 1440 1280 intelligens
1470 1214 1527 1265 et
1559 1209 1771 1279 doctus,
1809 1208 2042 1265 audiens
2086 1212 2296 1268 Scaevo-

449 1311 582 1382 lam,
613 1311 842 1366 sentiret
868 1324 992 1364 esse
1020 1308 1304 1380 quoddam
1330 1308 1559 1365 uberius
1598 1307 1819 1364 dicendi
1843 1323 2027 1380 genus
2062 1315 2122 1364 et
2147 1325 2302 1365 oma-

450 1408 580 1464 tiuS.
607 1407 687 1463 Ab
710 1413 939 1480 utroque
965 1413 1174 1478 autem,
1205 1422 1374 1462 causa
1397 1412 1678 1478 perorata,
1707 1407 1755 1462 si
1784 1412 2147 1479 quaereretur,
2180 1413 2303 1464 uter

453 1510 742 1579 praestaret
763 1509 966 1576 orator,
995 1520 1281 1576 nunquam
1309 1503 1556 1576 profecto
1583 1503 1849 1577 sapientis
1867 1502 2143 1576 judicium
2169 1521 2202 1559 a
2215 1504 2306 1576 ju·-

454 1601 599 1658 dicio
624 1599 778 1671 vulgi
799 1599 1159 1671 discreparet.

522 1700 653 1754 LIV.
686 1697 791 1765 Qui
822 1703 1049 1770 praestat
1084 1697 1257 1769 igitur
1290 1696 1608 1767 intelligens
1658 1695 1916 1768 imperito
1931 1699 1959 1752 ⁴?
2002 1701 2206 1769 Mag-na
2245 1715 2306 1755 re

463 1801 520 1850 et
546 1794 786 1851 difficili:
821 1794 868 1849 si
900 1793 1125 1866 quidem
1149 1808 1417 1864 magnum
1447 1797 1531 1848 est
1563 1792 1726 1864 scire,
1754 1792 1953 1865 quibus
1984 1793 2155 1849 rebus
2183 1794 2307 1851 effi·

459 1894 639 1949 ciatur
676 1892 1032 1949 amittaturve
1075 1889 1310 1947 dicendo
1348 1888 1512 1961 illud,
1556 1889 1826 1962 quidquid
1871 1895 1974 1960 est,
2018 1892 2170 1963 quod
2209 1897 2307 1948 aut

459 2098 725 2162 negligeait
739 2095 928 2158 l’esprit
957 2110 1082 2158 pour
1102 2094 1154 2143 la
1176 2094 1320 2142 lettre
1337 2113 1349 2152 ς
1368 2095 1527 2158 quelle
1543 2097 1801 2158 puissance
1812 2097 1974 2145 sursit
1994 2097 2182 2146 bientot
2201 2099 2308 2148 Soe-

460 2193 589 2248 vola,
607 2191 649 2237 si
674 2188 939 2239 deson-mais
967 2201 1032 2236 on
1052 2201 1114 2235 ne
1130 2186 1329 2250 pouvait
1350 2186 1470 2236 faire
1490 2202 1559 2236 un
1577 2193 1833 2236 testament
1847 2203 1962 2238 sans
1981 2191 2185 2252 prendre
2198 2206 2308 2241 con·

462 2285 550 2333 seil
572 2283 629 2331 de
654 2281 745 2330 lui.
767 2281 839 2330 La.
858 2280 1079 2329 noblesse
1096 2294 1213 2328 avec
1233 2279 1446 2343 laquelle
1463 2279 1502 2328 il
1526 2294 1706 2343 exposa
1725 2286 1881 2330 tontes
1901 2296 1981 2331 ses
2001 2284 2208 2343 raisous,
2237 2286 2308 2334 les

460 2374 702 2438 exemples
724 2374 996 2441 nombreux
1014 2371 1132 2420 dont
1153 2371 1193 2420 il
1220 2371 1292 2420 les
1313 2385 1522 2435 appuya‚
1550 2372 1602 2420 la
1612 2371 1813 2429 var-iste,
1826 2373 1873 2420 le
1892 2372 1983 2432 sel,
1998 2373 2071 2421 les
2087 2375 2312 2438 plaisan-

462 2469 604 2518 teries
626 2468 745 2516 dont
760 2482 847 2514 son
869 2465 1086 2513 discours
1112 2464 1231 2512 erait
1249 2464 1442 2527 templi,
1470 2463 1745 2512 enleverent
1767 2464 1888 2514 tous'
1897 2466 1970 2514 les
1994 2482 2048 2515 su
2056 2468 2250 2533 ffrages,
2266 2477 2312 2518 et

461 2561 725 2608 exciterent
741 2573 837 2605 nne
859 2558 974 2605 telle
995 2556 1303 2613 admiration,
1327 2556 1477 2618 qu'on
1500 2555 1666 2604 oublia
1680 2563 1788 2605 tout
1809 2557 1844 2604 a
1873 2556 1965 2607 fait
1992 2558 2041 2606 le
2057 2559 2312 2623 plaidoyer

465 2651 524 2698 de
553 2665 642 2698 son
668 2649 956 2696 adversaii-e.
987 2648 1163 2697 C’etait
1182 2648 1230 2694 le
1256 2646 1498 2694 troisieme
1517 2645 1681 2695 devoir
1704 2647 1763 2694 de
1786 2647 2033 2705 l’orateur,
2064 2658 2113 2698 et
2135 2651 2179 2698 le
2204 2653 2313 2711 plus

464 2744 747 2806 important.
776 2740 1059 2791 L’auditeur
1074 2740 1307 2802 vulgaire,
1343 2739 1428 2801 qui
1471 2740 1632 2789 aurait
1669 2740 1970 2803 separement
1996 2743 2180 2792 admire
2204 2744 2314 2795 Sos-

465 2837 594 2897 vola,
625 2837 706 2883 erit
726 2836 841 2882 bien
859 2834 1048 2896 change
1061 2832 1211 2880 d'avis
1230 2846 1290 2879 en
1312 2831 1575 2881 entendant
1588 2833 1811 2882 Crassus.
1837 2832 1913 2882 De
1930 2849 2019 2884 son
2042 2837 2165 2895 cete,
2192 2837 2316 2885 l'ha·

465 2927 564 2974 bile
595 2927 924 2982 contraissent,
946 2941 1007 2972 en
1035 2926 1263 2971 &content
1292 2923 1340 2971 le
1377 2925 1602 2986 premier,
1630 2927 1715 2973 ent
1752 2928 1997 2976 statement
2022 2930 2166 2990 pense
2193 2931 2315 2993 qu’il

467 3017 657 3067 existuit
686 3031 858 3066 encore
879 3030 975 3064 une
1009 3016 1266 3077 eloquence
1308 3015 1417 3078 plus
1447 3015 1580 3065 richo
1615 3023 1662 3067 et
1698 3018 1807 3080 plus
1850 3018 2145 3068 abundante.
2188 3021 2317 3070 Mais

467 3110 606 3173 apres
624 3124 717 3171 que
736 3109 807 3157 les
834 3107 961 3156 deux
992 3113 1210 3157 orateurs
1233 3115 1403 3157 eurent
1424 3108 1601 3157 nolisve
1624 3111 1753 3158 leurs
1779 3110 2017 3170 discours,
2043 3113 2086 3160 si
2107 3112 2208 3161 l’on
2232 3116 2319 3163 eut

469 3201 700 3250 demande
719 3202 832 3264 quel
853 3201 971 3250 &tait
986 3202 1033 3251 le
1059 3202 1169 3264 plus
1190 3201 1432 3265 eloquent,
1453 3203 1493 3250 il
1514 3210 1586 3252 est
1598 3203 1778 3251 certain
1805 3204 1970 3265 quola
1996 3205 2211 3254 decisiou
2232 3207 2318 3257 des

468 3295 694 3357 critiques
725 3295 926 3343 eclaires
948 3296 1032 3342 esst
1053 3296 1126 3343 ete
1151 3295 1374 3345 d’acoord
1400 3311 1515 3344 avec
1548 3296 1667 3343 celle
1687 3295 1753 3343 du
1785 3298 1974 3359 peuple.

533 3379 664 3428 LIV.
710 3379 784 3429 En
833 3378 946 3440 quoi
994 3378 1119 3428 donc
1170 3380 1216 3428 le
1248 3387 1422 3429 savant
1465 3380 1833 3442 l'emporte—t—il
1879 3396 1965 3428 sur
2004 3382 2275 3446 l’ignorant
2293 3383 2318 3432 ἲ

469 3468 605 3519 Dans
630 3486 699 3519 un
722 3471 859 3534 point
895 3471 1004 3519 bien
1039 3472 1196 3535 grand
1234 3481 1280 3522 et
1323 3473 1434 3521 bien
1460 3470 1657 3521 difficile
1682 3488 1696 3521 z
1735 3487 1819 3522 car
1846 3474 1966 3523 c’est
2005 3490 2101 3524 une
2129 3477 2320 3540 grande
