2592 4084
388 321 467 379 40
1174 327 1435 373 namus.

386 449 553 520 poeta
572 443 662 499 hic
685 447 802 497 tam
828 440 977 498 idem
1001 446 1227 496 ornatus
1248 440 1308 495 in
1330 440 1585 509 dicendo,
1612 456 1675 497 ac
1697 440 1860 513 plane
1891 447 2075 497 orator
2094 439 2233 494 fuis-

387 539 478 594 set
501 552 514 589 ε
541 533 698 606 cujus
720 533 824 589 etsi
848 532 1056 590 incerta
1078 537 1206 588 sunt
1224 537 1496 603 tempora,
1516 536 1704 587 tamen
1728 532 1886 587 annis
1908 530 2099 587 multis
2123 529 2229 585 fuit

385 632 516 686 ante
541 626 870 698 Romulum3
901 625 1176 699 siquidem
1201 641 1311 680 non
1352 625 1495 681 infra
1531 625 1873 696 superiorem
1908 628 2226 696 Lycurgum

386 720 515 790 fuit,
535 735 569 774 a
590 734 699 791 quo
723 725 807 774 est
823 718 1112 790 disciplina
1129 717 1674 774 Lacedaemoniorum
1695 716 1959 772 adstricta
1982 714 2225 787 legibus,

386 810 502 869 Sed
541 810 784 866 studium
812 810 932 882 ejus
963 809 1187 881 generis
1230 807 1517 880 majorque
1540 807 1626 865 vis
1652 807 1965 879 agnoscitur
1996 806 2053 861 in
2087 804 2231 860 Pisi-

388 907 584 959 strato.
613 900 861 974 Denique
884 902 1030 957 hunc
1051 900 1296 972 proximo
1319 898 1507 956 seculo
1531 898 1929 955 Themistocles
1948 899 2234 955 insecutus

391 998 494 1063 est,
521 998 582 1049 ut
608 992 754 1064 apud
779 1007 900 1059 noa,
928 991 1317 1064 perantiquus;
1351 996 1413 1047 ut
1439 992 1584 1064 apud
1607 992 1994 1064 Athenienses„
2017 992 2229 1047 nonita

389 1101 523 1143 sane
560 1092 738 1144 vetus.
771 1086 896 1141 Fuit
931 1083 1079 1140 enim
1117 1088 1381 1154 regnante
1412 1083 1532 1155 J‘am
1563 1084 1791 1155 Graecia,
1823 1090 2012 1141 nostra
2044 1091 2232 1139 autem

390 1180 610 1240 civitate
639 1197 748 1237 non
773 1180 852 1235 ita
877 1177 1096 1251 pridem
1131 1176 1414 1232 dominatu
1441 1177 1599 1247 regio
1628 1177 1895 1248 liberata3
1937 1193 2067 1234 nam
2103 1176 2234 1232 bel-

389 1271 509 1329 lum
541 1272 862 1330 Volscorum
883 1270 1023 1327 illud
1043 1268 1453 1342 gravissimum,
1482 1269 1573 1325 cui
1601 1269 1925 1326 Coriolanus
1954 1268 2107 1326 exsul
2146 1268 2233 1323 in-

389 1363 601 1435 terfuit,
639 1364 837 1420 eodem
875 1364 993 1419 fere
1032 1368 1305 1435 tempore,
1348 1377 1456 1435 quo
1494 1364 1791 1421 Persarum
1830 1361 2060 1431 bellum,
2104 1360 2234 1431 fuit,

391 1454 696 1528 similisque
734 1455 954 1511 fortuna
995 1455 1271 1512 clarorum
1307 1455 1557 1513 virorum
1596 1473 1612 1512 ε
1656 1457 1933 1529 siquidem
1973 1461 2232 1528 uterque,

392 1561 562 1619 quum
585 1545 720 1603 civis
747 1547 1011 1619 egregius
1033 1548 1247 1620 fuisset,
1268 1548 1462 1621 populi
1484 1549 1685 1620 ingrati
1702 1549 1899 1622 pulsus
1924 1548 2148 1621 injuria,
2172 1564 2234 1604 se

391 1636 465 1692 ad
487 1635 674 1692 hostes
692 1637 938 1702 contulit,
962 1643 1324 1711 conatumque
1345 1638 1643 1695 iracundiae
1662 1655 1779 1695 suae
1801 1644 1978 1695 morte
1997 1638 2235 1695 sedavit,

389 1731 531 1787 Nam
557 1728 659 1783 etsi
686 1728 849 1785 aliter
874 1735 959 1785 est
994 1730 1140 1802 apud
1172 1738 1247 1801 te,
1289 1731 1489 1802 Attice,
1529 1731 1599 1787 de
1636 1731 1952 1802 Coriolano,
1994 1731 2235 1787 concede

388 1824 599 1892 tamen,
630 1825 693 1876 ut
716 1819 848 1877 huic
869 1821 1064 1894 generi
1090 1822 1284 1879 mortis
1314 1823 1498 1894 potius
1522 1822 1810 1879 assentiar.

389 2023 440 2074 la
463 2023 702 2083 donoenr3
734 2032 783 2072 et
802 2024 1056 2075 lui-meme
1078 2026 1290 2074 n'anrait
1324 2039 1410 2088 pao
1431 2024 1619 2074 enrichi
1641 2039 1717 2074 aee
1740 2025 1884 2073 ecrite
1905 2024 1963 2073 de
1985 2039 2062 2073 oee
2084 2023 2240 2074 belles

389 2115 684 2180 harengum,
715 2117 800 2178 qui
823 2115 930 2164 font
951 2116 1011 2166 de
1039 2131 1094 2166 ce
1133 2119 1269 2180 poete
1302 2132 1374 2165 un
1408 2117 1642 2167 verinble
1675 2127 1887 2166 orateur.
1935 2117 1981 2167 11
2015 2123 2088 2165 eet
2127 2119 2234 2167 vrai

388 2213 484 2262 que
509 2200 730 2262 l’epoque
759 2198 1019 2248 d'Homere
1046 2207 1118 2249 eet
1153 2201 1446 2260 incertain03
1484 2200 1750 2265 oependant
1774 2201 1813 2249 il
1836 2203 1978 2249 vecut
2005 2201 2119 2249 bien
2154 2201 2240 2251 des

389 2284 568 2330 anneee
607 2288 756 2331 avant
786 2281 1025 2333 Romulus
1040 2318 1054 2342 ‚
1087 2284 1323 2346 puiequ’il
1354 2284 1479 2333 n'eat
1511 2299 1597 2348 pao
1631 2285 1900 2348 posterieur
1930 2298 1993 2332 au
2030 2285 2237 2347 premier

393 2365 673 2430 Lycurgne.
698 2373 871 2415 auteur
895 2366 979 2415 dee
1002 2368 1188 2416 sereres
1221 2367 1526 2415 institutione
1548 2366 1606 2414 de
1636 2367 1976 2416 Lacedemone.
2012 2367 2138 2416 Meis
2172 2382 2237 2415 on

389 2450 619 2500 convient
636 2462 730 2511 que
749 2448 998 2498 Pisistrato
1010 2449 1193 2498 onltiva
1215 2450 1325 2512 plus
1344 2448 1784 2513 particulierement
1803 2450 2101 2511 l’eloqnence
2121 2450 2239 2498 elle-

392 2534 566 2588 meme,
593 2541 643 2580 et
667 2548 724 2580 en
748 2533 906 2580 obtint
925 2532 984 2579 de
1006 2533 1116 2596 plus
1148 2533 1330 2595 grands
1353 2531 1502 2580 effeto.
1535 2531 1669 2580 Dans
1689 2534 1734 2581 le
1755 2534 1897 2581 siecle
1926 2534 2124 2582 suivant
2145 2548 2240 2596 pa-

389 2621 477 2668 rnt
506 2614 842 2675 Themistocle,
889 2615 1184 2664 tres-ancien
1228 2629 1351 2677 pour
1383 2630 1526 2672 noue,
1566 2629 1698 2664 assez
1735 2615 1964 2665 moderno
2007 2632 2130 2680 pour
2168 2618 2239 2666 lea

390 2697 677 2752 Atheniens.
719 2696 896 2758 Quand
932 2699 971 2747 il
1005 2701 1165 2760 vocnt,
1205 2697 1257 2746 la
1297 2697 1451 2747 Grece
1481 2699 1674 2763 regnait
1706 2698 1817 2763 deja
1851 2699 1973 2747 dane
2007 2706 2142 2750 tonte
2182 2715 2239 2749 ea

391 2780 570 2847 gleire,
606 2787 654 2830 et
682 2781 833 2830 Rome
857 2781 979 2829 etnit
999 2782 1030 2828 a
1052 2782 1191 2844 peine
1214 2779 1479 2829 affranchie
1501 2780 1560 2829 de
1590 2781 1643 2830 la
1670 2781 1971 2830 deminution
1999 2782 2083 2830 dee
2106 2785 2232 2842 roieg

390 2875 479 2915 oar
500 2869 623 2912 cette
637 2863 930 2912 memorable
959 2878 1135 2927 guerre
1154 2863 1238 2913 des
1257 2863 1501 2927 Volsqnee
1523 2866 1554 2912 a
1578 2865 1789 2929 laquelle
1816 2869 1914 2929 prit
1933 2874 2045 2930 part
2069 2866 2219 2917 Corio·

392 2945 482 2997 len
498 2945 642 3003 exile,
667 2943 887 2993 coincide
908 2960 1115 3009 presque
1135 2959 1248 2994 avec
1270 2947 1390 2994 celle
1416 2946 1500 2995 dee
1523 2947 1727 3007 Persen
1759 2955 1808 2997 et
1828 2964 1908 2997 ces
1932 2949 2061 2998 deux
2095 2949 2241 2997 hom-

392 3044 497 3081 mee
518 3028 726 3077 celebres
745 3035 915 3077 curent
933 3030 966 3077 a
985 3044 1078 3093 peu
1099 3031 1209 3092 pres
1227 3030 1279 3077 la
1299 3032 1454 3078 meme
1474 3030 1705 3079 destinee.
1745 3031 1877 3080 'Pons
1908 3032 2058 3091 deux,
2085 3035 2240 3095 'apres

393 3112 532 3164 avoir
551 3112 624 3160 ete
646 3112 937 3160 l’ornement
963 3111 1021 3159 de
1041 3111 1148 3160 leur
1179 3114 1353 3176 patrie,
1379 3127 1439 3160 en
1474 3113 1638 3163 furent
1654 3113 1845 3163 chaneos
1864 3130 1952 3178 par
1973 3130 2040 3163 nn
2065 3117 2239 3179 peuple

393 3196 580 3261 ingrat,
610 3201 659 3244 et
677 3197 925 3258 pascerent
946 3195 1061 3244 chez
1087 3196 1347 3261 l’ennemi;
1371 3203 1419 3244 et
1441 3204 1551 3244 tone
1574 3197 1702 3246 deux
1728 3199 2061 3261 reprimerent,
2099 3214 2158 3247 en
2188 3215 2240 3248 ee

391 3277 615 3329 donnant
630 3279 683 3327 la
705 3286 849 3337 mort,
877 3293 930 3327 ce
952 3280 1159 3342 premier
1191 3287 1500 3328 mouvement
1535 3280 1681 3329 d'une
1708 3283 1815 3330 nme
1835 3281 2016 3330 irritae.
2042 3282 2105 3332 Je
2139 3284 2237 3330 sais

392 3376 489 3426 qne
513 3376 633 3410 vous
659 3371 910 3425 rapportez
933 3370 1207 3409 autrement
1242 3364 1291 3410 la
1316 3362 1383 3409 fin
1418 3363 1480 3410 de
1504 3364 1762 3421 Coriolan3
1801 3367 1926 3413 maie
1948 3375 2231 3429 permettez-

395 3445 498 3495 moi
518 3443 576 3494 de
594 3443 803 3507 preferer
821 3443 871 3492 la
893 3444 1129 3493 tradition
1149 3445 1233 3507 qui
1255 3446 1302 3494 le
1326 3445 1417 3493 fait
1438 3447 1624 3494 moui-ir
1643 3447 1789 3494 ainai.
