2592 4084
351 497 552 550 habitus
573 504 648 547 est
669 513 785 545 sane

353 566 429 625 (ut
450 565 522 612 ita
540 563 717 625 dicam)
790 609 796 616 ,

351 640 589 694 patronus
606 630 929 686 truculentus,

353 711 511 760 asper,
537 696 820 752 maledicus,

353 763 522 826 paullo
545 762 774 810 fervidior

352 836 457 878 toto
479 842 672 891 genere.

354 904 499 957 atque
508 893 796 942 commotior
810 909 825 947 ς

353 962 511 1009 bonus
542 968 705 1009 tamen
733 965 901 1007 auctor

354 1027 407 1074 in
431 1034 605 1075 senatu

355 1092 625 1156 diligentia,
653 1100 702 1140 et
727 1092 904 1140 virtute
921 1090 1091 1149 animi,

355 1167 499 1221 atque
512 1160 630 1206 vita.

354 1223 486 1273 Idem
508 1232 741 1287 patronus
764 1222 1048 1277 tolerabilis,

354 1305 445 1338 nec
470 1290 607 1338 rudis
629 1291 683 1337 in
704 1290 817 1352 jure
832 1289 986 1349 civili,

355 1363 403 1404 et
422 1357 550 1406 liber
567 1371 718 1418 quum
741 1356 939 1414 virtute,

354 1428 459 1470 tum
481 1423 627 1471 etiam

354 1504 530 1547 genere
550 1493 657 1551 ipso
683 1486 920 1536 orationis

353 1554 652 1617 Legebamus
673 1555 809 1617 pueri

355 1621 600 1668 orationes
629 1622 792 1683 cujus,

355 1700 475 1748 quas
499 1701 753 1748 possumus
780 1684 867 1734 vix

346 1752 456 1814 jam
490 1754 716 1815 reperire.

422 1819 484 1866 0.
510 1816 709 1868 Sextius
748 1816 985 1866 Calvinus

351 1882 450 1932 fuit
466 1885 744 1933 valetudine
767 1880 1095 1941 incommoda,

352 1955 500 2011 atque
518 1953 664 1997 etiam
689 1948 889 2011 ingenio

349 2021 402 2062 et
419 2030 640 2063 sermone
654 2014 866 2078 eleganti
884 2031 897 2070 ς

351 2081 446 2128 etsi
471 2081 555 2143 qni
580 2096 677 2128 non
701 2080 865 2128 deerat
882 2079 1065 2139 causis,

351 2160 509 2208 quum
542 2146 733 2195 dolores
756 2146 934 2210 pedum

349 2214 662 2268 remiserant,

349 2285 516 2327 tamen
539 2294 638 2326 non
659 2277 869 2326 faciebat
885 2291 1010 2339 saepe
1025 2275 1093 2324 id.

348 2343 518 2407 Itaque
537 2345 758 2393 homines
772 2344 1032 2392 utebantur
1064 2395 1071 2401 ,

351 2411 558 2459 consilio
572 2411 697 2472 ejus,

351 2490 502 2539 quum
528 2479 783 2532 volebant3

350 2542 639 2604 patrocinio,
661 2556 812 2606 quum
841 2540 1038 2590 licebat.

349 2606 526 2656 Iisdem
548 2610 848 2672 temporibus

350 2674 422 2724 M.
444 2676 649 2733 Brutus,

351 2740 404 2788 in
425 2755 525 2804 quo
542 2755 778 2804 magnum
797 2739 1008 2789 dedecus

350 2806 446 2854 fnit
466 2818 627 2855 vestro
651 2809 838 2871 generi,
857 2807 1026 2865 Brute,

348 2874 449 2935 qni,
472 2889 624 2935 quum
646 2880 771 2923 esset

350 2939 552 2987 nomine
574 2948 729 2992 tanto.

348 3003 693 3067 habuissetque
712 3012 896 3068 patrem

349 3072 510 3119 virum
535 3073 793 3134 optimum.

349 3138 797 3199 peritissimumque
823 3136 969 3199 juris,

349 3202 646 3253 factitaverit
665 3205 1040 3260 accusationem,

349 3277 407 3316 ut
429 3269 690 3334 Lycurgus
716 3269 918 3318 Athenis
942 3285 957 3317 ι

352 3334 396 3381 is
423 3351 522 3384 non
546 3337 717 3397 petivit
752 3338 1092 3400 magistratus,

354 3399 438 3446 sed
463 3404 558 3449 suit
579 3410 831 3450 accusator

353 3465 611 3514 vehemens
631 3481 680 3515 et
700 3470 951 3526 molestus,

358 3538 417 3578 ut
440 3527 660 3582 cerneres
690 3533 834 3583 facile

1152 379 1413 425 BRUTUS.
2097 369 2120 423 l
2131 368 2203 422 3⁷

1152 498 1577 558 passa-pour-etre
1607 498 1911 546 assuremsnt

1152 566 1294 623 (pour
1315 561 1442 608 ainsi
1463 559 1642 624 parler)

1150 642 1218 675 un
1243 635 1416 675 avocat
1434 627 1611 686 brutal,

1147 695 1284 750 rude,
1306 694 1562 751 medicant,

1150 775 1218 807 un
1242 776 1336 822 peu
1352 762 1743 822 trop-passioune

1151 841 1209 873 en
1237 827 1455 887 general,

1151 903 1200 940 et
1213 891 1607 954 trop-vehement
1627 910 1640 947 ;

1150 958 1311 1006 bonne
1336 961 1543 1005 autorite
1569 959 1857 1005 neanmoins

1151 1024 1272 1072 dans
1287 1026 1332 1071 le
1354 1028 1492 1072 senat

1149 1105 1236 1153 par
1265 1093 1309 1137 le
1332 1093 1431 1138 zelo
1450 1099 1498 1137 et
1512 1106 1597 1152 par
1627 1093 1675 1137 la
1697 1090 1827 1142 forae
1850 1090 1908 1138 de
1935 1089 2138 1154 l'esprit,

1150 1169 1197 1202 et
1222 1173 1308 1217 par
1337 1159 1405 1204 les
1431 1172 1629 1204 moeurs.

1148 1221 1214 1271 Le
1238 1227 1393 1270 meme
1413 1228 1483 1285 fue
1505 1240 1572 1271 un
1597 1231 1769 1271 avocat
1781 1224 2109 1285 supportablc,

1151 1289 1203 1336 ni
1227 1290 1460 1352 ignorant
1473 1288 1594 1336 dans
1620 1290 1665 1336 le
1688 1289 1818 1337 droit
1838 1290 1972 1346 civil,

1150 1362 1196 1401 et
1220 1355 1344 1402 libre
1367 1356 1752 1403 non-seulement
1774 1370 1862 1417 par
1877 1371 1930 1404 so
1948 1362 2104 1414 vertu,

1147 1425 1273 1468 mais
1308 1435 1479 1469 encore

1147 1500 1237 1548 par
1259 1487 1307 1534 le
1326 1502 1475 1548 genre
1503 1490 1658 1534 meme
1678 1486 1736 1532 de
1759 1502 1840 1535 son
1860 1487 2139 1551 eloquence.

1147 1551 1286 1601 Nous
1313 1553 1485 1601 11sions
1503 1552 2011 1603 dans-notre-enfance

1147 1618 1221 1667 les
1241 1618 1460 1668 dIscours
1493 1621 1552 1666 de
1586 1619 1805 1675 celui-oi,

1148 1683 1508 1746 lesquels-nous
1538 1699 1756 1747 pouvons
1776 1686 1975 1748 sepeine

1151 1750 1415 1798 desormais
1441 1761 1655 1798 trouver.

1215 1817 1270 1865 C.
1301 1816 1494 1865 Sextius
1523 1818 1756 1866 Calvinus

1150 1881 1229 1929 fut
1255 1883 1403 1929 d’une
1426 1886 1560 1930 sante
1583 1884 1847 1943 mauvaise,

1150 1956 1200 1995 et
1223 1950 1353 1996 aussi
1386 1949 1502 1996 d’un
1530 1949 1679 2011 esprit

1150 2021 1200 2060 et
1218 2013 1333 2060 d'un
1359 2015 1569 2078 langage
1589 2015 1822 2078 gracieux
1842 2034 1855 2073 ;

1150 2080 1418 2143 bien-qu'il
1440 2099 1499 2129 ne
1520 2084 1704 2129 remeat
1734 2097 1820 2146 pas
1844 2082 1927 2130 des
1954 2098 2141 2146 causes,

1151 2148 1314 2207 quand
1350 2148 1419 2194 les
1443 2147 1668 2195 douleurs
1687 2164 1787 2195 aux
1812 2148 1945 2209 pieds

1152 2216 1219 2259 lm·
1240 2214 1927 2271 avaient-laisse-11u-relfiche,

1151 2279 1420 2340 cependant
1442 2280 1477 2326 il
1493 2296 1553 2327 ne
1567 2280 1734 2328 saisait
1756 2297 1836 2343 pas
1857 2288 2062 2330 souvent
2084 2282 2207 2333 oola.

1152 2342 1283 2392 C'est
1302 2348 1537 2407 pout-quoi
1563 2363 1627 2393 on
1653 2349 1778 2394 usait

1151 2409 1233 2456 des
1255 2412 1465 2458 conseiis
1487 2412 1545 2459 de
1570 2413 1657 2470 lui,

1151 2476 1317 2537 quand
1340 2492 1402 2523 on
1440 2479 1651 2534 voulait;

1150 2541 1301 2589 deson
1322 2544 1596 2604 eloquence‚
1621 2545 1784 2606 quand
1797 2544 2204 2606 iletait-possible.

1150 2607 1196 2656 A
1217 2608 1266 2656 la
1291 2611 1447 2656 meme
1466 2610 1649 2672 epoque

1151 2675 1217 2721 M.
1239 2675 1440 2730 Brutus,

1147 2753 1209 2787 en
1232 2743 1316 2802 qui
1338 2757 1433 2789 une
1453 2742 1636 2801 grande
1660 2743 1807 2791 honte

1149 2806 1227 2853 fut
1248 2809 1280 2853 a
1305 2822 1434 2854 votre
1455 2808 1657 2864 famille,
1686 2809 1883 2869 Brutus,

1148 2874 1248 2933 qui.
1276 2873 1443 2934 quand
1465 2875 1501 2922 il
1527 2877 1704 2936 portait

1148 2952 1213 2985 un
1239 2954 1354 2987 nom
1378 2941 1421 2986 si
1441 2941 1616 2995 grand,

1145 3014 1194 3051 et
1211 3006 1344 3052 avait.
1374 3021 1435 3052 eu
1470 3022 1587 3069 pour
1610 3010 1721 3069 pere

1147 3084 1213 3116 un
1237 3071 1430 3118 homme
1451 3072 1690 3122 excellent

1146 3144 1194 3183 et
1227 3137 1514 3186 tres-habile
1541 3138 1663 3186 daus
1689 3140 1735 3187 le
1769 3139 1911 3198 droit,

1147 3200 1203 3250 fit
1225 3205 1396 3250 metier
1422 3204 1770 3259 d’accusation‚

1147 3284 1335 3316 comme
1359 3270 1615 3332 Lycurgus
1641 3274 1672 3318 a
1691 3270 1904 3319 Athenes
1925 3287 1939 3317 ε

1146 3336 1183 3381 il
1207 3350 1268 3381 ne
1286 3336 1465 3397 brigua
1499 3352 1583 3398 pas
1610 3336 1679 3383 les
1706 3336 1927 3399 charges,

1150 3404 1275 3447 mais
1304 3401 1379 3449 fut
1409 3417 1477 3449 un
1509 3410 1793 3451 accusateur

1155 3467 1337 3513 violent.
1356 3475 1405 3515 et
1424 3467 1639 3524 redoute,

1152 3541 1490 3596 ‹an-sorteque
1517 3541 1572 3580 tu
1590 3534 1754 3582 aurais
1778 3549 1842 3581 vu
1861 3531 2139 3581 facilement
