2592 4084
332 483 426 533 Res
446 485 578 533 enim
603 498 819 535 romano

331 551 608 612 litteraeque
630 550 798 601 latinae

267 633 270 634 ⁷
332 616 555 665 fecerunt
582 617 816 667 damnum

331 683 537 732 interitu
559 684 821 732 immaturo
840 683 992 732 illius.

331 750 537 800 Utinam
563 751 796 800 voluisset
814 758 1043 814 praestare

331 817 562 879 pietatem
588 831 686 864 non
711 829 810 865 tam
833 816 994 876 fratri,

333 897 482 945 quam
508 882 706 945 patria!

332 948 495 1010 Quam
526 949 670 997 facile
695 950 785 999 tali
811 948 1011 1015 ingenio

330 1015 420 1064 ille
437 1023 561 1063 esset
577 1024 882 1074 consecutus,

333 1081 375 1130 si
396 1082 600 1130 vixisset
620 1082 824 1143 diutius,

334 1148 547 1209 gloriam
573 1148 648 1196 vel
671 1157 940 1212 paternam,

333 1215 410 1262 vel
435 1214 643 1262 avitam!

332 1280 509 1329 Nescio
539 1296 602 1328 an
623 1280 876 1330 habuisset

333 1349 572 1395 nemiuem
598 1363 763 1410 parem

333 1413 610 1477 eloquentia
636 1413 850 1476 quidem.

332 1479 424 1528 Est
445 1480 647 1544 grandis
668 1481 846 1540 verbis,

334 1547 529 1609 sapiens
551 1547 821 1604 sententiis,

334 1613 500 1676 gravis
515 1627 692 1675 genere
711 1621 846 1661 toto=

333 1693 511 1727 manus
523 1689 742 1728 extrema
755 1695 854 1728 non
875 1678 1081 1728 accessit

335 1746 562 1808 operibus
581 1747 688 1809 ejus
704 1768 720 1809 3

333 1812 493 1860 multa
512 1812 743 1860 inchoata
764 1811 1011 1875 praeclare,

333 1893 436 1926 non
453 1879 668 1941 perfecta
687 1879 849 1941 plane.

332 1945 430 1993 Hic
455 1955 640 2008 orator,
662 1946 881 2006 inquam,
909 1944 1078 2001 Brute,

333 2009 575 2074 legendus
592 2017 664 2058 est
676 2008 944 2073 juventuti,

336 2076 381 2124 si
403 2077 663 2140 quisquam
687 2077 844 2124 alius:

332 2150 495 2206 potest
513 2143 644 2191 enim

334 2224 437 2258 non
460 2208 620 2257 solum
639 2223 832 2265 acuere,

335 2275 420 2324 sed
445 2278 591 2323 etiam
617 2276 747 2323 alere
769 2274 1041 2339 ingenium.

405 2342 534 2390 Huic
557 2344 693 2391 aetati
715 2342 947 2390 successit

335 2407 387 2457 C.
418 2409 602 2466 Galba,

335 2473 466 2522 filius
488 2474 623 2523 illius
647 2472 823 2532 Servii,

335 2542 429 2588 viri
457 2541 861 2604 eloquentissimi,

336 2622 483 2670 gener
507 2608 562 2655 P.
588 2607 769 2665 Crassi,

336 2673 608 2736 eloquentis
629 2681 678 2722 et
695 2673 983 2737 jurisperiti.

336 2738 502 2788 Nostri
528 2748 688 2803 patres

336 2806 606 2855 laudabant
627 2807 778 2866 hunc,

336 2871 568 2922 favebant
587 2874 732 2921 etiam
741 2909 755 2933 ,

336 2947 531 3004 propter
572 2940 859 2987 memoriam
895 2937 1072 3002 patris3

336 3005 420 3052 sed
448 3005 624 3054 cecidit
654 3006 706 3053 iu
731 3020 900 3054 cursu.

335 3070 464 3121 Nam
490 3072 747 3135 rogatione
765 3070 992 3120 Mamilia

337 3153 592 3201 oppressus
614 3146 688 3186 est
711 3137 901 3186 invidia

337 3203 694 3267 conjurationis
736 3203 772 3254 J
776 3203 1077 3267 agmanilia,

337 3283 490 3331 quum
511 3270 713 3319 dixisset
729 3271 829 3335 ipse
852 3285 939 3332 pro
959 3284 1079 3319 sese.

338 3334 590 3386 Peroratio
613 3337 721 3399 ejus
742 3344 922 3394 exstat,

340 3403 424 3464 qui
448 3402 627 3451 dicitur
648 3403 904 3467 epilogus:

340 3468 425 3530 qui
446 3477 551 3518 erat
579 3471 631 3517 in
654 3476 793 3518 tanto
810 3469 1014 3532 honore,

338 3534 482 3583 nobis
516 3536 700 3600 pueris,

1131 364 1393 422 saurus,
2079 356 2190 414 133

1130 482 1225 531 Cer
1244 482 1295 529 la
1316 481 1597 545 republique
1612 484 1834 534 romaine

1130 556 1179 596 et
1202 550 1270 596 les
1294 549 1460 596 lettres
1479 549 1655 598 latinos

1131 622 1219 663 ont
1240 614 1333 661 fait
1353 629 1449 663 une
1469 621 1601 677 perte

1132 695 1222 744 per
1249 680 1301 729 la
1323 691 1454 729 mort
1477 683 1779 743 prematuree
1808 683 1867 732 de
1896 686 2118 737 celui-oi.

1132 747 1461 797 Fiat-au-ciel
1480 747 1600 810 qu’il
1624 748 1708 795 eut
1729 750 1880 799 voulu
1905 762 2120 803 montrer

1135 813 1195 862 de
1221 813 1485 862 l'affection
1521 828 1739 877 non-pas
1770 823 1877 865 tant
1897 819 1928 865 a
1953 834 2035 867 son
2059 821 2188 873 frere

1134 881 1247 942 qu’a
1275 897 1329 928 ea
1347 879 1528 943 patrie!

1133 947 1368 996 Combien
1397 946 1632 995 aisement
1654 961 1771 995 avec
1799 962 1867 996 un
1890 951 1957 999 tel
1974 952 2113 1015 genie

1130 1014 1169 1063 il
1195 1014 1359 1062 aurait
1384 1014 1570 1075 ecquis,

1131 1080 1211 1129 s'il
1227 1081 1360 1127 avait
1381 1083 1500 1127 νέου
1524 1081 1634 1143 plus
1655 1080 1949 1145 longtemps,

1131 1147 1181 1194 la
1198 1147 1356 1211 gloire
1377 1147 1436 1195 de
1454 1160 1543 1195 son
1561 1153 1691 1209 pere,

1132 1228 1197 1261 ou
1233 1213 1291 1261 de
1313 1228 1402 1260 son
1425 1212 1580 1261 aieul!

1130 1280 1191 1329 δε
1213 1294 1275 1327 ne
1294 1279 1392 1327 sais
1413 1294 1500 1342 pas
1521 1281 1601 1329 s'il
1616 1279 1781 1329 aurait
1795 1293 1856 1327 eu

1131 1360 1369 1409 personne
1390 1346 1501 1409 egal

1132 1427 1256 1473 pour
1275 1411 1574 1475 l’eloquence
1596 1412 1662 1461 du
1686 1413 1864 1465 moins.

1132 1477 1177 1526 11
1203 1485 1277 1525 est
1309 1479 1452 1526 noble
1486 1494 1573 1542 par
1605 1480 1676 1528 les
1709 1481 2029 1543 expressions,

1130 1544 1386 1606 judicieux
1404 1546 1583 1608 parles
1605 1547 1820 1609 pensees,

1134 1612 1379 1672 imposant
1405 1626 1493 1675 par
1512 1612 1791 1661 l’ensemble
1812 1618 2123 1667 tout-entierz

1134 1677 1186 1724 la
1203 1677 1422 1725 derniere
1439 1678 1574 1726 main
1593 1680 1891 1743 n'a-pas-ete
1911 1684 2031 1731 mise

1135 1758 1236 1790 aux
1268 1758 1459 1791 oeuvres
1494 1744 1553 1791 de
1586 1746 1822 1812 celui-ci3

1135 1810 1386 1873 beaucoup
1433 1820 1534 1858 eom
1568 1812 1835 1861 ebauchees
1863 1814 1994 1874 bien,

1137 1892 1235 1924 non
1263 1876 1488 1924 achevees
1511 1879 1845 1927 entierement.

1135 1942 1221 1991 Cet
1239 1956 1454 2007 orateur,
1474 1943 1642 2006 dis-je,
1662 1944 1865 2003 Brutus,

1136 2008 1237 2056 doit
1269 2012 1371 2056 &tre
1400 2009 1452 2056 lu
1490 2025 1575 2072 par
1609 2011 1656 2058 la
1682 2013 1925 2075 jeunesse,

1135 2075 1246 2137 plus
1277 2089 1371 2137 que
1405 2084 1512 2124 tout
1538 2085 1707 2125 autre=

1133 2142 1171 2188 il
1191 2152 1305 2204 peut
1327 2157 1387 2189 en
1414 2140 1526 2190 cffet

1134 2210 1529 2256 nou-seulement
1555 2208 1791 2271 aiguiser,

1133 2275 1257 2321 mais
1282 2290 1455 2322 encore
1476 2276 1676 2323 nourrii·
1696 2276 1906 2342 l'esprit.

1199 2342 1240 2388 A
1279 2356 1333 2386 ce
1360 2341 1503 2389 siecle
1530 2341 1736 2390 succede

1133 2404 1188 2453 C·
1217 2406 1397 2462 Galba,

1131 2469 1210 2520 fils
1248 2473 1307 2520 de
1339 2487 1393 2521 ce
1421 2471 1638 2527 Servius,

1131 2536 1329 2587 homme
1364 2539 1727 2601 tres-eloquent,

1130 2605 1314 2667 gendre
1337 2604 1396 2652 de
1425 2605 1483 2653 P.
1513 2606 1739 2669 Crassus,

1130 2672 1305 2719 homme
1322 2672 1548 2734 eloquent
1571 2678 1618 2718 et
1647 2671 2195 2726 verse-dans-le-droit.

1130 2736 1233 2785 Nos
1269 2739 1405 2801 peres

1131 2804 1350 2851 louaient
1379 2804 1596 2863 celui-ci,

1130 2869 1194 2918 ils
1216 2875 1255 2918 le
1277 2871 1593 2919 favorisaient
1620 2873 1793 2932 meme,

1131 2952 1189 2984 en
1221 2938 1452 2985 memoire
1487 2937 1544 2985 de
1568 2953 1650 2985 son
1680 2939 1811 2999 μὲι-ος

1132 3005 1256 3050 mais
1285 3004 1322 3051 il
1356 3002 1680 3067 fit-naufrage
1715 3005 1837 3051 dans
1872 3002 1918 3050 le
1950 3009 2112 3066 traJet.

1133 3068 1228 3119 Car
1256 3069 1447 3133 d'apres
1484 3070 1533 3117 la
1564 3071 1629 3118 loi
1658 3069 1884 3119 Mamilia

1133 3136 1172 3183 il
1200 3135 1278 3183 fut
1293 3139 1455 3184 ecrase
1470 3151 1584 3184 sous
1602 3137 1820 3185 l’odieux

1134 3201 1219 3249 des
1246 3202 1506 3264 complices
1527 3201 1585 3251 de
1610 3202 1879 3266 Jugurtha,

1132 3269 1383 3330 apres-que
1395 3269 1432 3316 il
1449 3275 1532 3316 eut
1544 3269 1678 3331 parle
1692 3269 1948 3317 lui-meme
1956 3282 2081 3331 pour
2097 3265 2193 3316 soi.

1136 3332 1207 3382 La
1239 3336 1520 3397 peroraison
1555 3333 1614 3383 de
1647 3335 1719 3382 lui
1753 3334 1982 3395 subsiste,

1136 3401 1218 3462 qui
1252 3410 1329 3448 est
1358 3402 1554 3462 appelee
1582 3401 1808 3465 epilogue
1829 3416 1845 3448 e

1137 3468 1446 3527 cet-dpt'loaus
1475 3466 1595 3514 etait
1614 3482 1676 3515 en
1700 3467 1742 3516 si
1763 3464 1926 3530 grand
1946 3464 2172 3512 honneur

1137 3547 1265 3582 nous
1292 3535 1429 3581 etant
1450 3533 1662 3592 curante,
