2592 4084
497 376 597 431 170
1290 381 1564 424 neurus.

492 497 930 571 magistratibus,
975 496 1074 549 sed
1106 494 1366 550 tribu-nus
1388 512 1528 550 anno
1562 500 1687 567 post
1709 494 1832 564 fuit,
1869 510 2044 565 eoque
2072 494 2130 548 in
2156 498 2347 551 rostris

492 598 720 652 sedente
746 593 920 648 suasit
945 592 1240 648 Serviliam
1264 592 1449 662 legem
1471 594 1717 647 Crassus.
1750 593 1891 648 Nam
1916 607 2207 645 censuram
2231 594 2344 648 sine

490 691 737 748 Scaevola
765 690 972 761 gessit3
1007 705 1133 743 eum
1159 690 1307 743 enim
1329 688 1714 759 magistratum
1743 703 1905 742 nemo
1933 704 2181 759 unquam
2206 692 2347 743 Scae·

488 789 740 844 volarum
780 785 996 858 petivit.
1045 785 1154 840 Sed
1196 785 1317 839 haee
1369 765 1553 839 Crassi
1595 800 1769 856 quum
1819 784 1967 840 edita
2017 787 2194 841 oratio
2244 794 2340 857 est,

488 902 655 958 quam
694 891 747 939 te
792 899 938 955 saepe
976 882 1180 953 legisse
1221 888 1373 937 certo
1413 884 1549 951 seio,
1594 887 1833 952 quatuor
1878 888 1935 936 et
1967 882 2196 949 triginta
2232 890 2346 938 tum

488 986 726 1041 hahebat
750 1001 942 1052 annosa,
969 982 1310 1053 totidemque
1356 984 1516 1037 annis
1553 982 1689 1036 mihi
1713 988 1874 1037 aetate
1904 983 2224 1053 praestabat.
2252 985 2344 1039 His

488 1084 636 1139 enim
692 1081 1007 1139 consulibus
1057 1097 1181 1135 eam
1225 1079 1414 1151 legem
1472 1078 1663 1150 suasit,
1716 1079 1915 1150 quihus
1967 1080 2081 1135 nati
2132 1097 2343 1151 sumuS,

486 1202 659 1257 quum
702 1186 818 1255 ipse
866 1188 1010 1238 esset
1060 1183 1123 1246 Q.
1177 1180 1433 1251 Caepione
1473 1180 1695 1235 consule
1735 1186 1918 1249 natue,
1968 1185 2024 1235 et
2065 1183 2126 1235 C.
2157 1182 2343 1249 Laelio,

483 1285 720 1340 triennio
746 1286 863 1354 ipso
890 1282 1090 1351 minor,
1120 1297 1286 1352 quam
1317 1281 1586 1335 Antonius
1615 1299 1627 1336 :
1658 1281 1805 1351 quod
1833 1280 2037 1335 idcireo
2069 1283 2251 1353 posui,
2287 1290 2349 1337 ut

487 1385 706 1439 dicendi
725 1384 894 1438 latine
920 1383 1098 1453 prima
1120 1382 1410 1435 maturitas
1427 1382 1484 1435 in
1506 1397 1618 1453 qua
1638 1385 1796 1435 aetate
1821 1382 2133 1452 exstitisset,
2160 1389 2347 1453 posset

486 1482 692 1550 notari;
725 1486 779 1536 et
799 1480 1203 1551 intelligeretur
1226 1478 1348 1549 jam
1373 1480 1429 1532 in
1455 1495 1733 1533 summum
1761 1493 1919 1548 paene
1949 1495 2068 1535 esse
2110 1482 2347 1551 perdue-

485 1588 621 1646 tam,
644 1586 710 1635 ut
738 1596 802 1635 eo
832 1579 971 1634 nihil
998 1580 1174 1634 ferme
1214 1580 1510 1651 quisquam
1553 1579 1760 1634 addere
1801 1586 2011 1651 posset,
2043 1582 2146 1634 nisi
2180 1583 2270 1652 qui
2314 1599 2346 1637 a

486 1681 855 1754 philosophia,
898 1697 931 1735 a
952 1680 1081 1751 jure
1117 1680 1288 1751 civili,
1322 1680 1391 1734 ab
1424 1680 1655 1735 historia
1695 1680 1893 1735 fuisset
1932 1682 2275 1738 instructior.

555 1786 735 1840 XLIV.
775 1815 846 1823 —
885 1783 1019 1847 Erit,
1057 1782 1236 1853 inquit
1273 1783 1350 1836 M.
1383 1784 1604 1853 Brutus,
1641 1786 1738 1836 aut
1761 1781 1877 1852 Jam
1907 1789 1991 1837 est
2020 1783 2146 1854 iste,
2178 1800 2344 1855 quem

488 1892 793 1958 exspectas,
838 1915 908 1926 -·
939 1883 1160 1954 NesciO,
1197 1885 1445 1955 inquam.
1488 1883 1596 1938 Sed
1634 1888 1720 1938 est
1761 1882 1931 1938 etiam
1967 1887 2027 1939 L.
2069 1883 2251 1939 Crassi
2288 1886 2350 1938 in

486 2084 667 2144 qualite
689 2098 772 2130 sur
796 2084 849 2130 la.
869 2084 1065 2130 tribune
1088 2097 1189 2129 aux
1217 2082 1516 2143 hai-angues,
1538 2081 1734 2144 lorsque
1767 2080 1969 2132 Crassus
2000 2085 2188 2130 soutint
2210 2084 2260 2130 la
2278 2085 2348 2132 loi

485 2180 705 2228 Servilia.
732 2180 776 2227 11
819 2195 879 2227 ne
914 2180 990 2227 fut
1022 2195 1111 2242 pas
1149 2195 1247 2226 non
1273 2181 1384 2242 plus
1418 2194 1506 2226 son
1546 2179 1767 2242 collegae
1797 2177 1918 2226 dans
1954 2181 2001 2226 la
2032 2194 2255 2236 censure,
2300 2187 2349 2227 et

478 2276 531 2337 je
552 2292 612 2322 ne
633 2279 761 2324 crois
795 2293 882 2339 pas
912 2279 1156 2339 qu'aueun
1181 2277 1263 2323 des
1282 2276 1484 2325 Seevola
1506 2276 1576 2323 ait
1601 2275 1782 2337 jamnis
1804 2275 2035 2321 demande
2063 2276 2113 2321 la
2152 2276 2349 2339 dignitas

484 2372 541 2418 de
563 2385 780 2421 oenseur.
805 2376 884 2421 Au
904 2382 1048 2430 reste,
1074 2373 1236 2436 quand
1259 2373 1467 2420 Crassus
1488 2372 1656 2434 publia
1680 2373 1724 2419 le
1744 2371 1960 2419 discours
1984 2371 2105 2416 dont
2116 2371 2167 2431 je
2184 2375 2344 2432 pai-le,

482 2476 529 2515 et
553 2484 644 2530 que
678 2485 796 2516 vous
821 2473 935 2516 ave'z
961 2472 1209 2516 sssrement
1231 2469 1284 2514 lu
1312 2469 1421 2529 plus
1455 2466 1601 2514 d’une
1623 2467 1735 2527 fois,
1763 2468 1801 2514 il
1831 2467 1959 2514 avait
1980 2473 2346 2529 trente-quatre

481 2578 588 2621 ans,
616 2573 663 2611 et
686 2580 770 2611 son
801 2567 893 2627 age
916 2565 1171 2626 devaneait
1197 2564 1242 2609 le
1268 2564 1398 2608 miet·
1426 2562 1491 2608 du
1508 2564 1663 2609 meme
1687 2562 1891 2609 nombre
1915 2562 2144 2608 d’annees
2161 2580 2176 2608 ε
2196 2578 2284 2611 car
2308 2565 2346 2610 il

481 2660 620 2721 parla
643 2676 765 2721 pour
799 2667 922 2708 cette
944 2661 1012 2707 loi
1036 2661 1226 2707 l'anne'e
1251 2659 1308 2704 de
1329 2674 1408 2704 ma
1433 2660 1704 2716 naissanoe‚
1733 2666 1779 2706 et
1802 2658 1840 2706 il
1861 2661 1981 2707 e'tait
2001 2662 2063 2707 ne
2087 2662 2344 2709 lui-meme

481 2770 594 2802 sous
625 2758 672 2803 le
702 2759 925 2805 consulat
954 2759 1015 2805 de
1040 2758 1106 2819 Q.
1132 2758 1312 2820 cepion
1337 2763 1385 2803 et
1417 2755 1473 2802 de
1509 2756 1567 2805 C.
1595 2756 1779 2814 Lelius,
1805 2759 2074 2818 Justement
2105 2760 2228 2807 trois
2251 2775 2343 2807 ans

481 2854 621 2915 apres
652 2854 881 2902 Antoine.
918 2855 1017 2903 J‘ai
1050 2854 1323 2918 rapproehe
1356 2869 1434 2900 ces
1469 2853 1618 2913 dates,
1646 2854 1744 2902 afin
1773 2870 1867 2917 que
1890 2856 1992 2904 l'on
2022 2859 2094 2904 vit
2123 2858 2154 2904 ὲ,
2179 2857 2344 2919 quelle

476 2950 661 3010 epoque
687 2950 982 3011 l’eloquenee
1003 2952 1157 2999 latine
1186 2958 1258 2999 est
1285 2966 1550 3013 parvenue,
1578 2966 1702 3013 pour
1728 2951 1856 3004 ainsi
1884 2952 2005 3009 dire,
2039 2957 2068 3000 a
2092 2970 2177 3001 son
2204 2954 2344 3016 point

480 3045 538 3091 de
568 3046 814 3103 maturite,
837 3053 885 3094 et.
906 3061 997 3109 que
1019 3048 1122 3096 l’on
1149 3051 1228 3095 sut
1250 3063 1344 3110 que
1369 3047 1449 3094 d‘es
1474 3049 1575 3095 lors
1597 3049 1691 3096 elle
1721 3064 1751 3096 a
1776 3051 1850 3097 ete
1872 3055 2034 3114 portee
2054 3053 2084 3097 ὲ
2099 3066 2196 3097 une
2225 3066 2341 3113 per-

479 3141 657 3188 feetion
688 3144 718 3188 ὲ.
740 3144 952 3204 laquelle
984 3146 1022 3191 il
1052 3153 1124 3193 est
1160 3144 1445 3209 impossible
1469 3144 1528 3191 de
1551 3145 1657 3191 rien
1684 3146 1891 3208 ajouter,
1933 3149 1962 3192 ὲ
1991 3148 2153 3194 moins
2184 3148 2342 3209 qu'un

479 3241 677 3295 homme
695 3257 755 3289 ne
782 3258 831 3290 se
853 3246 1088 3306 presente,
1115 3246 1250 3293 riche
1272 3245 1392 3291 d’un
1418 3245 1526 3306 plus
1550 3246 1708 3307 grand
1739 3245 1857 3293 fond
1884 3247 1942 3293 de
1965 3249 2339 3294 connaissanees

473 3352 537 3385 en
567 3338 881 3401 philosophie,
910 3357 970 3388 en
987 3341 1117 3390 droit
1138 3342 1256 3390 civil
1279 3348 1330 3388 et
1357 3356 1417 3389 en
1444 3341 1664 3390 histoire.

547 3433 723 3482 XLIV.
752 3461 812 3471 —-
845 3435 887 3482 11
919 3442 1155 3497 paraltra,
1193 3437 1265 3483 dit
1290 3438 1491 3493 BrutuS,
1522 3445 1597 3484 eet
1618 3439 1815 3486 homme
1831 3453 1925 3501 que
1946 3453 2066 3484 vous
2095 3436 2333 3493 utenda,

476 3543 542 3576 ou
571 3531 730 3592 plutot
754 3532 792 3579 il
816 3547 846 3579 a
868 3532 979 3595 de'ja.
1005 3549 1146 3596 paru.
1172 3561 1232 3568 —
1257 3534 1318 3582 Je
1342 3549 1401 3580 ne
1433 3535 1549 3592 sais,
1581 3536 1911 3599 repondis-Je3
1945 3537 2071 3582 mais
2098 3549 2342 3583 revenons
