2592 4084
395 368 512 425 312
1185 373 1447 422 naum.

393 496 543 570 quod
570 494 771 551 melius
793 507 900 550 noc
920 494 1285 567 quaerendum
1304 499 1486 567 putes.
1502 492 1612 549 Sed
1634 509 1806 565 quum
1824 509 1857 549 a
1870 493 2032 549 nobis
2052 494 2244 565 paullo

392 611 518 662 ante
531 606 742 661 dictim
750 604 845 675 sit,
861 605 974 660 tria
984 603 1161 661 videri
1173 619 1319 675 esse,
1333 618 1459 676 quae
1481 607 1668 659 orator
1684 603 1905 659 efficere
1918 603 2167 672 deberet,
2179 609 2242 659 ut

392 716 697 787 doceret,ut
710 714 1028 787 delectaret,
1043 720 1364 772 utmoveret
1379 732 1394 786 ;
1414 713 1522 772 duo
1531 730 1746 771 summe
1756 714 1957 787 tenuit,
1969 720 2033 770 ut
2043 720 2100 771 et
2122 729 2240 772 rem

389 827 697 885 illustraret
711 827 1055 896 disserendo,
1077 833 1134 885 et
1155 830 1371 885 animos
1383 841 1601 899 eorum,
1624 827 1725 900 qui
1746 828 2023 899 audirent,
2040 828 2239 885 devin-

392 941 527 997 ciret
548 942 853 1015 voluptate.
877 940 1079 997 Aberat
1093 941 1259 997 tertia
1286 939 1383 996 illa
1404 939 1546 1012 lauS,
1573 945 2050 1013 quapermoveret
2074 946 2240 1015 atque

409 1051 647 1108 ncitaret
677 1052 909 1123 animOS,
936 1067 1101 1125 quam
1136 1051 1442 1123 plurimum
1469 1048 1683 1122 pollere
1708 1047 1967 1114 diximuS,
1995 1064 2101 1104 nec
2127 1057 2244 1106 erat

388 1159 505 1217 ulla
529 1161 615 1218 vis
663 1166 829 1234 atque
885 1158 1192 1231 contenti03
1245 1158 1365 1217 sive
1393 1158 1644 1232 consilio,
1673 1158 1822 1231 quod
1850 1172 1966 1228 eos,
2005 1173 2243 1231 quorum

389 1270 552 1327 altior
575 1269 771 1342 oratio,
802 1268 1058 1340 actioque
1076 1273 1226 1325 esset
1247 1268 1551 1340 ardentior,
1574 1268 1758 1325 furere
1779 1273 1837 1323 et
1855 1266 2122 1324 bacchari
2148 1284 2243 1325 ar·

388 1380 712 1451 bitraretur‚
740 1380 882 1452 sive,
908 1381 1054 1453 qued
1068 1386 1268 1436 natura
1289 1396 1400 1437 non
1424 1383 1571 1436 esset
1597 1379 1677 1435 ita
1698 1378 1897 1448 factus,
1925 1377 2066 1449 sive,
2092 1378 2242 1450 quod

391 1501 501 1545 non
547 1494 894 1555 consuesset,
923 1489 1061 1559 eive,
1111 1487 1261 1562 quod
1297 1501 1408 1543 non
1452 1492 1684 1560 posset:
1713 1486 1821 1543 hoo
1855 1501 2032 1542 unum
2057 1484 2162 1556 illi,
2194 1484 2243 1539 si

388 1598 530 1653 nihil
568 1598 827 1655 utilitatis
867 1598 1126 1669 habebat,
1174 1598 1386 1669 abfuit3
1420 1598 1466 1653 si
1503 1613 1641 1668 opus
1676 1603 1814 1668 erat,
1863 1596 2057 1653 defuit.
2098 1597 2243 1664 Quin

391 1710 558 1765 etiam
596 1708 850 1781 memini,
883 1725 1056 1781 quum
1087 1709 1144 1764 in
1194 1707 1542 1765 accusatione
1574 1724 1677 1765 sua
1703 1710 1771 1776 Q.
1810 1708 1987 1765 Gallio
2026 1706 2242 1762 crimini

390 1814 654 1888 dedisset,
682 1817 792 1874 sibi
832 1833 962 1876 eum
1001 1803 1282 1878 venenum
1305 1819 1611 1893 paravisse,
1636 1819 1803 1893 idque
1828 1833 1864 1876 a
1888 1835 1951 1875 se
1979 1834 2104 1875 esse
2134 1820 2235 1874 dc·

389 2038 620 2088 chercher
638 2040 743 2088 rien
762 2038 820 2087 de
847 2040 961 2102 plus
979 2039 1244 2103 accompli3
1270 2038 1398 2088 maie
1422 2053 1547 2087 nous
1575 2052 1725 2087 avone
1760 2038 1835 2088 dit
1860 2044 1975 2087 tout
1995 2039 2028 2086 ὲ
2056 2035 2249 2089 l'heure

389 2159 483 2208 que
505 2145 738 2194 l'orateur
759 2161 789 2193 a
822 2146 944 2194 trois
967 2146 1158 2195 devoir·
1180 2149 1210 2195 δ
1239 2149 1454 2212 remptir,
1480 2150 1731 2207 instruite,
1760 2150 1916 2212 plaire
1936 2156 1986 2198 et
2017 2149 2247 2199 toueber.

390 2247 478 2305 Or,
505 2248 564 2297 de
593 2264 673 2299 ces
702 2251 823 2300 trois
849 2253 1032 2315 parties
1062 2252 1120 2301 de
1165 2251 1300 2313 Part,
1343 2253 1561 2304 Calidius
1592 2256 1818 2304 excelluit
1848 2255 1969 2304 dans
2001 2253 2073 2303 les
2109 2254 2245 2304 deux

388 2356 665 2418 premieres.
692 2355 737 2405 11
759 2358 918 2405 savait
948 2357 1187 2422 repandre
1214 2369 1301 2408 eur
1332 2373 1429 2408 nne
1464 2361 1686 2422 question
1721 2361 1774 2409 le
1806 2360 2006 2410 lumieoe
2038 2361 2093 2409 la
2122 2360 2249 2424 plue

389 2464 513 2520 vive,
542 2471 591 2512 et
628 2463 846 2514 attacher
870 2481 956 2528 par
999 2467 1047 2515 le
1084 2466 1257 2530 plaisir
1289 2468 1478 2532 l’eeprit
1512 2467 1570 2516 de
1599 2482 1674 2517 ees
1720 2466 1997 2516 auditeursz
2035 2466 2167 2517 mnis
2206 2468 2250 2517 il

390 2572 650 2630 nanquait
667 2571 725 2621 de
740 2579 864 2620 cette
889 2574 1137 2622 troisieme
1160 2574 1365 2636 qualite,
1393 2575 1478 2636 qui
1502 2574 1711 2623 consiste
1732 2574 1763 2621 a
1779 2588 1970 2622 remuer
1990 2573 2063 2621 les
2088 2586 2253 2622 coeurs

390 2679 440 2721 et
463 2674 672 2724 allumer
689 2677 761 2725 les
778 2677 1016 2740 passione,
1046 2678 1279 2726 veritable
1301 2678 1547 2742 triomphe
1568 2678 1629 2727 de
1642 2678 1958 2741 l'eloquence.
1989 2676 2032 2727 11
2059 2678 2251 2727 n’aveit

390 2792 580 2829 aucune
601 2781 748 2843 force,
778 2798 968 2832 aucune
986 2784 1301 2833 vehemencez
1334 2783 1433 2833 coit
1447 2785 1571 2848 qu’il
1596 2799 1659 2834 ne
1684 2786 1860 2834 voulut
1884 2800 1974 2850 pes
1993 2800 2056 2834 en
2080 2786 2243 2846 avoir,

389 2886 656 2947 regei-dant
678 2890 924 2950 peut-&tre
947 2902 1134 2937 comme
1160 2889 1242 2936 des
1269 2889 1491 2938 forcenee
1513 2897 1561 2939 et
1580 2890 1664 2939 dee
1682 2904 1803 2954 gene
1826 2904 1888 2938 en
1919 2889 2089 2947 delire,
2118 2903 2247 2939 ceux

390 2987 511 3037 dont
533 2989 581 3040 le
603 2997 689 3041 ton
712 2999 787 3040 est
807 2993 920 3056 plue
949 2992 1101 3054 cleve,
1131 2999 1181 3041 et
1207 2994 1408 3070 i'action
1446 2996 1557 3059 plue
1590 2997 1911 3059 impetueuse:
1951 2994 2048 3043 soit
2072 3010 2167 3057 qne
2194 2997 2249 3045 la.

389 3099 564 3142 nature
583 3108 649 3143 ou
677 3092 947 3144 l'habitude
964 3109 1026 3143 ne
1056 3093 1290 3145 l’eussent
1322 3112 1408 3159 pas
1442 3098 1569 3146 ainsi
1595 3098 1750 3147 forme
1766 3115 1781 3146 t
1821 3099 1917 3147 soit
1954 3096 2085 3147 enfin
2121 3098 2249 3160 qu'il

388 3213 450 3247 ne
481 3204 570 3262 put
607 3201 773 3250 mieux
802 3200 943 3250 faire.
976 3201 1247 3261 Toutefoie,
1285 3204 1329 3251 si
1363 3217 1418 3252 ce
1450 3204 1605 3251 talent
1636 3209 1708 3251 est
1738 3202 1931 3261 inutile,
1966 3202 2006 3252 il
2039 3216 2102 3251 ne
2125 3202 2251 3250 l’eut

388 3305 555 3367 point:
581 3305 659 3353 e’il
677 3311 751 3354 est
779 3306 1065 3366 necemire,
1088 3307 1129 3356 il
1145 3309 1220 3357 lui
1244 3323 1478 3371 meaque.
1503 3310 1564 3360 Je
1586 3322 1663 3357 me
1691 3308 1919 3357 souviene
1949 3309 2107 3355 meme
2152 3322 2250 3370 que

393 3404 515 3455 dans
538 3423 620 3457 ma
640 3411 842 3475 repense
863 3413 894 3460 ὲ
918 3426 1008 3461 eon
1034 3415 1320 3464 accusation
1346 3421 1514 3464 contre
1547 3414 1609 3475 Q.
1647 3413 1859 3476 Gallius,
1895 3412 2076 3476 auquel
2098 3412 2139 3460 il
2164 3427 2257 3461 re·-

392 3515 616 3576 prochait
639 3519 829 3573 d’avoir
872 3523 1024 3574 vonlu
1055 3524 1431 3588 l'empoinonner
1459 3523 1691 3588 (complot
1725 3522 1847 3586 qu’il
1873 3522 2005 3572 avait
2031 3522 2251 3586 surprie,
