2592 4084
391 372 509 427 342
1171 380 1443 427 BRU'rth.

388 511 535 582 ehis3
577 510 679 567 etsi
709 509 779 566 de
809 509 879 565 iis
916 524 985 565 ea
1017 515 1148 566 sunt
1187 526 1220 565 a
1260 515 1317 567 te
1346 509 1525 582 dicta,
1556 508 1759 581 quibus
1793 525 1900 583 ego
1934 516 2227 571 assentior.

388 612 590 670 Omitto
634 615 883 678 eeteros3
930 611 1093 668 venio
1137 611 1209 667 ad
1249 625 1379 684 eos,
1421 610 1482 667 in
1523 611 1725 684 quibus
1762 611 1880 684 jam
1925 615 2228 685 perfectam

386 718 549 787 putas
571 727 694 770 esse
717 710 1121 785 eloquentiam,
1153 727 1292 786 quos
1320 727 1425 786 ego
1453 712 1670 785 audivi,
1707 712 1830 772 sine
1855 719 2235 775 controversia

388 829 619 886 magnos
641 818 911 886 oratores,
941 814 1200 871 Crassum
1227 817 1285 870 et
1306 814 1624 871 Antonium.
1646 817 1727 872 De
1750 815 1954 871 horum
1976 816 2236 876 laudibus

386 917 487 975 tibi
509 915 1060 991 prorsus=assentior3
1085 916 1186 974 sed
1205 921 1392 973 tamen
1413 933 1524 974 non
1546 917 1650 975 isto
1669 918 1855 985 modo,
1879 923 1942 974 ut
1966 919 2235 991 Polycleti

389 1020 774 1092 Doryphorum
808 1016 913 1074 sibi
949 1017 1217 1090 Lysippus
1253 1018 1440 1075 aiebat
1457 1061 1472 1088 ,
1513 1020 1596 1076 sio
1631 1025 1693 1077 tu
1732 1020 2045 1077 suasionem
2093 1021 2240 1093 legis

390 1117 638 1177 Serviliae
665 1116 989 1190 magistram
1014 1116 1185 1175 fuisse
1210 1136 1223 1173 ε
1255 1117 1376 1175 haee
1393 1133 1661 1191 germana
1686 1119 1865 1177 ironia
1892 1125 2003 1192 est;
2032 1136 2133 1176 cur
2161 1121 2240 1178 ita

391 1220 626 1277 sentiam
640 1262 655 1291 ,
679 1234 791 1276 non
815 1217 1024 1291 dicam,
1055 1233 1125 1276 ne
1149 1233 1240 1276 me
1258 1218 1361 1275 tibi
1388 1220 1656 1277 assentari
1679 1225 1857 1293 putes.
1888 1221 2096 1278 Omitto
2125 1222 2237 1294 igi-

390 1327 498 1394 tur,
534 1335 658 1394 quae
690 1320 760 1377 de
791 1319 863 1376 iis
893 1318 1049 1392 ipsis,
1088 1335 1212 1399 quae
1244 1319 1313 1377 de
1345 1320 1526 1391 Cotta,
1558 1336 1681 1393 quae
1709 1321 1778 1379 de
1813 1321 2078 1394 Sulpicio,
2110 1339 2237 1396 quae

392 1422 556 1479 modo
578 1422 647 1488 de
670 1422 841 1480 Coelio
858 1420 1094 1478 dixeris:
1121 1421 1163 1477 ii
1186 1421 1336 1480 enim
1350 1421 1574 1478 fuerunt
1591 1427 1737 1479 certe
1757 1426 2028 1492 oratores3
2047 1421 2242 1495 quanti

393 1530 609 1596 autem,
645 1528 702 1579 et
731 1522 947 1596 quales,
980 1528 1041 1580 tu
1070 1522 1302 1582 videris.
1336 1526 1477 1581 Nam
1508 1522 1646 1579 illud
1684 1522 1868 1580 minus
1897 1539 2051 1596 euro,
2091 1525 2241 1597 quod

396 1623 724 1696 congessisti
762 1623 1048 1698 operarios
1085 1640 1314 1697 omnes;
1353 1630 1415 1680 ut
1454 1623 1592 1679 mihi
1629 1623 1922 1680 videantur
1957 1628 2097 1681 mori
2135 1643 2242 1683 vo·

394 1726 565 1784 luisse
594 1724 867 1810 nonnulli,
888 1731 951 1782 ut
976 1741 1011 1783 a
1032 1731 1088 1783 te
1111 1725 1170 1781 in
1186 1731 1472 1782 oratorum
1496 1740 1789 1782 numerum
1818 1725 2177 1784 referrentur.

396 1964 429 2000 s
455 1948 514 2000 de
537 1949 731 2008 mim,
770 1947 938 2012 quand
960 1962 1015 1998 ee
1036 1948 1201 1996 mieux
1228 1961 1289 1996 ne
1319 1946 1467 1997 serait
1488 1959 1574 2010 pas
1594 1945 1728 1995 bien.
1752 1946 1816 1995 Je
1840 1961 1987 2008 pense
2009 1948 2060 1996 ln
2089 1951 2247 2000 meme

397 2043 543 2093 chose
572 2041 656 2092 des
689 2041 935 2104 Gracques
952 2075 965 2098 ,
1011 2040 1220 2103 quoique
1255 2042 1286 2088 s
1323 2038 1530 2089 certains
1559 2038 1738 2103 egat-ds
1763 2040 1815 2101 je
1848 2041 2095 2089 souserive
2128 2044 2158 2089 it
2191 2057 2246 2091 ee

398 2148 491 2199 que
524 2147 647 2183 vous
680 2148 743 2183 en
783 2146 899 2181 aves
937 2132 1028 2180 dit.
1070 2133 1133 2182 Je
1171 2133 1319 2181 laisse
1355 2133 1428 2181 les
1468 2138 1665 2190 autres,
1711 2138 1756 2180 et
1792 2131 2001 2195 j'arrive
2043 2135 2073 2179 ὲ
2113 2133 2245 2182 deux

398 2228 616 2278 hommes
651 2239 713 2275 en
748 2225 832 2289 qui
862 2240 982 2273 vous
1018 2238 1168 2288 voyez
1201 2224 1311 2288 deja
1347 2225 1400 2274 la
1433 2224 1722 2290 perfeetion.
1761 2239 1855 2286 que
1883 2224 1971 2286 j’ai
2005 2224 2244 2276 entendus

397 2322 715 2380 moi-meme,
754 2327 804 2369 et
838 2318 923 2382 qui
942 2355 957 2383 ‚
1002 2333 1116 2368 sans
1158 2317 1431 2379 conti-edit,
1470 2317 1633 2367 furens
1667 2315 1728 2365 de
1769 2316 1950 2381 grands
1987 2327 2208 2367 orateur·
2226 2353 2242 2376 ‚

399 2414 606 2467 Crassus
633 2420 684 2464 et
718 2412 949 2462 Antoine.
982 2413 1280 2476 J’spprouve
1308 2417 1418 2462 tout
1453 2424 1508 2460 ee
1541 2423 1635 2473 que
1667 2424 1788 2459 vous
1822 2423 1931 2457 sves
1961 2407 2034 2456 dit
2067 2411 2098 2456 s
2129 2409 2248 2462 leur

398 2505 632 2571 louange,
668 2519 783 2554 sans
815 2503 973 2554 eroire
1006 2505 1233 2554 toutefois
1265 2519 1359 2567 que
1387 2502 1438 2552 le
1468 2500 1688 2551 discours
1720 2517 1779 2551 en
1816 2501 1980 2550 faveur
2001 2499 2061 2549 de
2091 2503 2144 2550 la
2178 2504 2251 2553 loi

399 2596 607 2649 Servilia
633 2599 705 2649 ait
733 2599 809 2647 ete
839 2603 973 2647 votre
1007 2598 1213 2656 modele,
1249 2598 1372 2647 dans
1410 2598 1460 2645 le
1487 2610 1600 2645 sens
1629 2610 1725 2659 que
1756 2596 1965 2661 Lysippo
1992 2597 2191 2648 attache
2222 2599 2254 2645 b

400 2703 455 2739 ee
486 2696 616 2746 mot,
654 2688 818 2752 quand
853 2688 892 2736 il
925 2687 997 2737 dit.
1027 2703 1119 2752 que
1154 2689 1202 2738 le
1233 2687 1524 2753 Doryphoro
1558 2688 1619 2738 de
1650 2688 1895 2751 Polyclete
1929 2686 2008 2736 fut
2038 2688 2085 2736 le
2123 2689 2251 2739 sien.

400 2779 530 2832 C'est
551 2792 647 2827 une
672 2793 792 2843 pure
815 2779 970 2828 ironie
991 2796 1005 2827 ε
1028 2780 1080 2843 je
1101 2793 1163 2829 ne
1185 2794 1306 2828 vous
1331 2779 1453 2829 dirai
1478 2795 1564 2844 pas
1589 2783 1826 2844 pom-quoi
1846 2778 1899 2843 je
1924 2794 2068 2844 pense
2093 2782 2247 2841 ainsig

399 2886 522 2921 vous
553 2870 756 2920 eroiriez
793 2873 1032 2934 peut-&tre
1061 2884 1155 2934 que
1180 2870 1232 2933 je
1263 2885 1392 2919 veux
1415 2886 1539 2920 vous
1577 2871 1755 2922 flatter.
1789 2871 1826 2923 J
1829 2874 1998 2921 ’omets
2034 2872 2157 2922 done
2195 2889 2253 2923 oe

402 2977 496 3026 que
528 2977 665 3011 vous.
684 2977 799 3012 avez
835 2961 909 3011 dit
940 2961 1001 3011 de
1033 2962 1239 3012 Crassus
1278 2966 1434 3011 meme
1468 2971 1518 3014 et
1548 2964 1813 3014 d'Antoine
1832 2998 1846 3023 ,
1885 2964 1946 3014 de
1980 2964 2147 3024 Cotta,
2190 2967 2254 3017 de

404 3055 667 3120 Sulpicius,
694 3062 743 3104 et
762 3054 893 3105 enfin
912 3055 973 3105 de
991 3055 1170 3106 Celius.
1193 3053 1317 3117 Oui,
1342 3070 1397 3106 ee
1425 3056 1616 3119 fus-ent,
1641 3071 1702 3106 en
1725 3055 1865 3116 effet,
1893 3057 1980 3106 des
2003 3065 2252 3124 orateursg

404 3148 527 3197 mais
560 3147 779 3196 eombien
806 3145 987 3212 grands
1015 3155 1064 3197 et
1095 3146 1156 3197 de
1179 3148 1339 3211 quelle
1370 3149 1562 3215 apheo,
1595 3150 1714 3200 e'est
1744 3149 1998 3199 lh-dessus
2027 3165 2121 3212 que
2154 3150 2258 3214 J’en

404 3242 593 3307 appelle
614 3243 647 3291 ὲ
663 3255 802 3291 vous.
823 3240 955 3291 Pom·
973 3249 1095 3291 nette
1117 3250 1257 3293 autre
1279 3242 1411 3292 foule
1432 3258 1526 3307 qne
1541 3257 1663 3292 vous
1686 3257 1804 3292 aves
1821 3240 2117 3292 rassemblee
2139 3258 2259 3292 sans

408 3343 611 3385 omettre
643 3348 904 3399 personne,
939 3334 991 3398 je
1020 3335 1150 3384 m’en
1175 3336 1392 3400 inquiete
1422 3350 1517 3400 peu
1542 3353 1556 3383 ε
1592 3334 1631 3383 il
1660 3343 1734 3385 est
1756 3336 1823 3386 tel
1849 3334 1911 3384 de
1937 3348 2017 3384 ees
2040 3337 2260 3383 artiuns

406 3423 465 3474 de
488 3426 681 3488 pai-oles
699 3425 782 3489 qni
804 3440 835 3475 a
858 3424 927 3474 du
948 3428 1048 3476 &tre
1070 3427 1185 3477 bien
1208 3428 1307 3477 aise
1325 3426 1382 3477 de
1407 3426 1617 3486 montis,
1644 3441 1766 3493 pour
1783 3429 1884 3475 etre
1905 3424 2002 3474 mis
2024 3440 2113 3489 par
2136 3442 2261 3478 vous

409 3527 473 3561 an
501 3530 628 3580 tang
645 3517 729 3566 des
754 3525 991 3568 oratenrs.
