2592 4084
331 460 461 522 quod
494 461 666 508 fuisset
687 461 820 523 quasi

331 527 574 574 theatrum
595 528 778 588 ingenii
796 526 948 581 illius,

330 592 592 655 spoliatum
616 600 758 654 atque
779 593 1002 641 orbatum

330 672 451 706 voce
468 658 656 705 erudita
677 669 725 705 et
748 659 899 720 digua

331 725 535 771 auribus
550 724 765 772 romanis
782 725 1067 787 graecisque.

329 789 568 851 Equidem
589 805 744 853 angor
766 791 950 848 animo,

332 856 683 917 rempublicam
707 870 848 914 egere

330 936 433 969 nou
457 923 602 969 armis
628 921 840 978 consilii,

332 1002 432 1034 nou
453 987 656 1050 ingenii,

331 1067 431 1101 uon
451 1053 773 1110 auctoritatis,

334 1132 444 1181 quae
467 1119 728 1167 didiceram
753 1123 982 1174 tractare,

334 1185 603 1247 quibusque
616 1184 961 1233 assuefeceram
975 1199 1067 1246 me,

336 1265 536 1312 quaeque
553 1259 692 1299 erant
714 1251 908 1313 propria

334 1330 485 1377 quum
510 1317 601 1363 viri
632 1318 908 1378 praestantis

333 1382 383 1428 in
411 1382 674 1443 republica,

334 1456 438 1494 tum
464 1448 675 1495 civitatis

332 1514 455 1560 bene
477 1521 677 1562 moratae

333 1590 381 1625 et
405 1579 525 1626 bene
548 1581 840 1630 constitutae.

333 1644 476 1705 Quod
498 1645 538 1692 si
574 1647 730 1694 ullum
752 1661 940 1710 tempus

333 1709 430 1758 fuit
449 1711 499 1757 in
524 1712 790 1773 republica,

333 1783 485 1837 quum
504 1778 769 1826 auctoritas
790 1784 838 1827 et
860 1779 1014 1827 oratio

332 1841 450 1889 boni
475 1841 596 1890 civis

332 1915 496 1970 posset
515 1916 800 1971 extorquere
817 1926 956 1958 arma

333 1987 360 2019 e
380 1974 609 2033 manibus
620 1975 801 2023 civium
815 1977 1072 2033 iratorum,

330 2037 432 2086 fuit
455 2039 670 2100 profecto
688 2046 794 2088 tum

333 2119 490 2166 quum
523 2107 840 2166 patrocinium
866 2106 998 2170 pacis

333 2170 591 2220 exclusum
612 2177 686 2220 est

333 2244 421 2287 aut
442 2251 606 2284 errore
628 2236 883 2286 homiuum

333 2309 423 2348 aut
444 2309 642 2350 terrore.

333 2365 530 2416 Accidit
563 2369 636 2416 ita
669 2370 912 2418 nobismet
938 2369 1074 2434 ipsis,

333 2437 410 2491 ut,
436 2447 713 2496 quanquam
738 2436 838 2484 alia
854 2445 1013 2484 essent

334 2497 551 2561 lugenda
568 2501 723 2549 multo
745 2505 922 2562 magis,

335 2569 497 2612 tamen
530 2565 803 2616 doleremus
829 2569 943 2627 hoc,

335 2629 484 2691 quod,
513 2644 606 2692 quo
636 2640 850 2698 tempore

333 2702 506 2743 nostra
529 2705 646 2746 oetas

333 2761 590 2823 perfuncta
617 2766 762 2813 rebus

334 2829 648 2889 amplissimis

336 2893 527 2942 deberet
552 2896 814 2957 confugere

335 2965 566 3020 tanquam
593 2961 645 3008 in
671 2969 864 3023 portum

335 3038 436 3072 non
458 3026 663 3083 inertiae,
687 3040 842 3087 neque
857 3025 1074 3088 desidiae,

335 3090 420 3137 sed
439 3093 529 3139 otii
553 3092 789 3141 moderati

335 3162 483 3218 atque
510 3156 732 3214 honestiz

337 3235 583 3285 quumque
609 3235 778 3273 nostra
799 3224 955 3273 oratio
974 3222 1081 3286 ipsa

337 3298 610 3336 canesceret
632 3293 757 3355 jam,
790 3290 1081 3351 haberetque

338 3368 476 3401 suam
509 3359 841 3405 maturitatem

337 3420 599 3479 quamdam

335 3494 388 3532 et
408 3487 545 3547 quasi
570 3491 894 3546 senectutem

1112 343 1371 389 esurus.
2139 335 2184 390 9

1123 463 1204 522 qui
1234 462 1365 508 avait
1387 462 1459 508 ete
1477 460 1771 523 eri-quelque
1792 468 1920 509 sorte

1121 527 1168 574 le
1186 526 1369 574 theatro,
1393 527 1457 574 du
1479 528 1621 590 genie
1643 526 1700 574 de
1717 527 1939 581 celui-ci,

1122 592 1364 654 depouille
1384 601 1431 641 et
1451 594 1582 656 prive

1123 657 1183 706 de
1203 667 1314 706 cetto
1340 660 1453 706 voix
1476 664 1672 706 savaute
1698 665 1745 706 et
1767 657 1911 721 digne

1122 725 1206 772 des
1228 725 1423 772 oreilles
1450 727 1689 775 romaines
1713 732 1762 771 et
1786 737 2043 786 grecques.

1121 790 1282 838 Certos
1300 790 1387 852 j'ai
1405 791 1453 836 le
1466 805 1598 838 coeur
1619 789 1828 848 dechire,

1121 856 1173 903 la
1193 857 1478 919 republique
1500 858 1635 903 avoir
1657 855 1821 902 besoin

1122 936 1220 969 non
1245 922 1331 969 des
1360 936 1516 969 armes
1550 921 1675 968 dela
1696 923 1876 978 raison,

1122 1002 1222 1034 non
1245 991 1318 1034 des
1337 1002 1485 1035 armos
1505 987 1570 1033 du
1590 987 1761 1044 taleut,

1122 1067 1220 1099 non
1246 1056 1320 1100 des
1342 1069 1488 1101 annes
1511 1053 1568 1100 de
1592 1055 1642 1101 la
1667 1051 2044 1110 consideration,

1124 1132 1218 1180 que
1239 1120 1416 1179 j'avais
1438 1121 1599 1182 appi-is
1622 1120 1653 1166 a
1676 1118 1879 1177 manier,
1941 1145 1944 1147 -

1122 1195 1170 1232 et
1192 1186 1471 1247 auxquelles
1493 1186 1544 1248 je
1568 1185 1755 1232 m'etais
1776 1183 2082 1232 accoutuma.

1123 1257 1171 1297 et
1193 1252 1275 1312 qui
1294 1251 1475 1298 etaient
1494 1265 1690 1313 propt-es

1123 1317 1520 1380 non-seulement
1554 1319 1583 1363 a
1619 1332 1687 1363 un
1713 1316 1909 1363 homme
1934 1311 2188 1376 distingui&

1126 1381 1247 1430 dans
1274 1382 1444 1438 l’Etat,

1124 1449 1249 1495 mais
1271 1463 1444 1495 encore
1468 1450 1496 1493 'a
1514 1462 1580 1495 uu
1601 1435 1716 1497 sstat

1125 1514 1235 1561 bien
1258 1514 1393 1576 regie

1127 1586 1175 1627 et
1196 1580 1308 1627 bien
1331 1578 1573 1639 organise.

1126 1645 1232 1704 Quc
1254 1646 1295 1692 si
1315 1646 1519 1706 quelque
1536 1647 1717 1706 epoque

1127 1711 1204 1759 fut
1230 1710 1351 1758 dans
1375 1711 1424 1758 la
1448 1710 1744 1772 republique,

1125 1779 1189 1825 ou
1208 1777 1455 1824 l’autorite
1474 1785 1521 1823 et
1540 1776 1589 1822 la
1607 1777 1772 1838 parole

1126 1842 1243 1890 d’uu
1264 1843 1359 1889 bon
1383 1844 1573 1904 citoyen
1731 1856 1735 1860 ·

1127 1909 1326 1970 pouvait
1346 1909 1573 1959 arracher
1595 1907 1665 1954 les
1691 1920 1849 1954 armes

1127 1974 1209 2021 des
1231 1974 1390 2021 mains
1421 1975 1501 2020 des
1528 1975 1745 2035 citoyens
1774 1972 1949 2030 irrites,

1126 2055 1174 2087 cc
1200 2039 1276 2087 fut
1296 2041 1593 2087 assutement
1614 2039 1744 2087 alors

1129 2120 1222 2168 que
1243 2107 1294 2153 la
1318 2106 1508 2153 defense
1530 2106 1587 2153 de
1618 2105 1667 2152 la
1688 2104 1803 2166 paix

1129 2171 1206 2219 fut
1232 2171 1459 2220 interdite

1130 2251 1194 2285 ou
1213 2252 1302 2301 par
1325 2238 1528 2285 l’erreur
1554 2237 1636 2284 des
1658 2235 1880 2283 hommes

1131 2317 1197 2351 ou
1230 2318 1317 2364 par
1345 2305 1395 2350 la
1420 2304 1621 2350 crainte.

1128 2367 1174 2416 11
1196 2369 1456 2418 est-arrive
1485 2371 1610 2416 ainsi
1636 2370 1665 2413 a
1689 2367 2033 2424 nous-memes,

1129 2448 1238 2497 que,
1265 2435 1375 2482 bien
1397 2449 1491 2496 que
1517 2435 1726 2481 d’autres
1748 2433 1914 2480 choses
1932 2431 2122 2480 fussent

1131 2501 1432 2564 deplorables
1453 2501 1701 2563 beaucoup
1723 2499 1850 2562 plus,

1053 2597 1056 2600 ·
1129 2567 1397 2629 cependant
1408 2582 1532 2615 nous
1554 2582 1678 2614 nous
1696 2564 1973 2629 plaignions
1991 2563 2049 2610 dc
2063 2563 2189 2622 ceci,

1131 2647 1244 2695 que,
1274 2633 1396 2680 dans
1421 2647 1487 2679 un
1513 2640 1667 2696 temps
1690 2636 1756 2679 ou

1132 2705 1270 2746 notre
1300 2701 1409 2762 age,

1133 2772 1286 2827 ayant
1307 2765 1478 2812 exerce
1495 2764 1565 2812 les
1586 2763 1790 2828 charges

1131 2830 1573 2893 les-plus·grandes

1130 2895 1290 2943 devait
1310 2911 1361 2943 se
1380 2895 1593 2959 refugiet

1129 2975 1317 3009 comme
1339 2962 1458 3010 dans
1478 2963 1524 3009 le
1546 2966 1657 3024 port

1130 3042 1228 3074 non
1256 3027 1316 3074 de
1338 3028 1610 3084 l'inaction,
1632 3028 1684 3073 ni
1713 3026 1771 3074 de
1797 3027 1846 3075 la
1867 3042 2080 3091 patesce,

1131 3094 1255 3140 mais
1278 3093 1395 3140 d'un
1422 3109 1560 3155 repcs
1584 3093 1776 3141 moder&

1130 3168 1178 3205 et
1201 3158 1499 3217 honorable3

1133 3233 1180 3272 et
1204 3225 1369 3288 quand
1394 3234 1534 3273 notre
1554 3226 1815 3288 eloqueuce
1844 3226 2124 3274 olle-meme

1133 3291 1763 3353 commencait·a-blanchir
1807 3290 1934 3354 deja,
1970 3300 2018 3340 et
2056 3289 2192 3338 avait

1136 3371 1190 3403 sa
1212 3359 1441 3405 maturite

1135 3437 1194 3469 en
1204 3424 1331 3485 ·quel
1339 3431 1605 3485 que-sorte,

1134 3495 1184 3537 ct
1201 3504 1388 3538 comme
1409 3504 1465 3536 sa
1492 3488 1746 3539 vieillesse;
