2592 4084
1164 327 1429 414 Rufinus,
2145 358 2219 414 69

361 485 433 533 sic
453 485 561 534 haec
589 485 744 533 oratio
764 485 1085 549 posteriorum
1149 484 1153 491 ’
1173 484 1296 532 ainsi
1313 492 1434 534 cette
1450 485 1708 547 eloquence
1729 484 1813 534 des
1840 459 2091 534 modernos

362 554 503 614 quasi
525 567 582 598 ex
590 562 823 616 aggerata
838 552 986 602 altius
1171 565 1361 599 comme
1381 553 1537 600 elevee
1558 551 1815 617 trop-haut

363 618 612 665 obstruxit
1171 631 1201 664 a
1224 617 1485 667 derobe-la-
1467 633 1579 666 -vue

362 683 637 732 luminibus
659 683 874 732 Catonis.
1172 682 1256 730 des
1278 685 1475 733 beantes
1501 684 1561 733 de
1593 684 1767 735 Caton.

363 749 460 800 Sed
489 759 537 798 et
565 758 635 798 est
659 750 857 799 inscitia
1165 748 1293 797 Mais
1322 752 1453 799 aussi
1474 751 1512 797 il
1534 766 1569 814 y
1591 767 1624 800 a
1645 753 1949 823 ignorance.

366 818 418 864 in
444 818 642 874 nostris,
1165 815 1279 864 ehez
1301 817 1371 865 les
1395 819 1574 874 noti-es,

363 883 499 945 quod
524 885 557 931 ii
583 883 674 946 ipsi
1159 897 1304 945 parce
1326 899 1420 946 que
1443 883 1643 932 ceux-la
1663 885 1817 932 meme

366 950 450 1013 qui
473 948 776 997 delectantur
1158 949 1241 1011 qui
1261 958 1376 999 sont
1393 949 1611 998 charmes

364 1016 655 1078 antiquitate
677 1016 730 1063 in
754 1013 940 1064 Groecis
1156 1030 1245 1078 par
1267 1017 1693 1079 ce-gofit-antique
1724 1015 1839 1063 chez
1867 1016 1936 1064 les
1957 1015 2107 1065 Grccs

364 1097 516 1144 eaque
539 1082 826 1133 subtilitate,
1159 1088 1206 1130 et
1227 1097 1317 1141 par
1338 1094 1462 1131 cette
1485 1085 1767 1146 simplicite,

367 1163 513 1210 quam
538 1148 784 1211 appellant
803 1147 1035 1210 Atticam,
1160 1148 1310 1210 qu’ils
1333 1150 1577 1211 appellent
1599 1150 1817 1210 Attique‚

365 1229 467 1262 non
490 1227 732 1263 noverunt
755 1213 952 1275 quidem
1162 1214 1306 1264 n’ont
1326 1232 1413 1279 pas
1435 1219 1592 1263 meme
1610 1229 1826 1263 reconna

366 1280 497 1330 hanc
522 1283 579 1330 in
602 1281 785 1331 Catone
806 1297 818 1326 ι
1162 1287 1285 1331 cette
1304 1284 1475 1343 quolice'
1499 1281 1795 1330 dans-Caton
1824 1296 1838 1326 ε

365 1347 539 1395 volunt
558 1363 661 1395 esse
1162 1347 1225 1396 ils
1248 1349 1447 1396 veulent
1467 1352 1566 1395 etre

364 1413 628 1477 Hyperide
653 1419 701 1462 et
726 1411 918 1475 Lysiae:
1165 1414 1249 1462 des
1276 1413 1550 1477 Hyperides
1574 1421 1622 1461 et
1645 1412 1727 1460 des
1748 1413 1953 1476 Lysias·

365 1480 517 1528 laudo
536 1499 550 1539 ς
1163 1480 1214 1543 je
1238 1486 1301 1530 10³
1325 1495 1594 1543 approuve,

368 1545 454 1594 sed
476 1560 565 1594 cur
589 1547 768 1594 nolunt
1166 1549 1290 1596 mais
1313 1546 1550 1609 pourquoi
1571 1560 1634 1592 ne
1658 1545 1938 1594 veulent-ils
1960 1524 2046 1609 pas

369 1611 579 1661 Catones
592 1614 616 1662 ἲ
1167 1619 1257 1662 etro
1279 1613 1362 1661 des
1386 1610 1604 1662 Catons?

369 1676 556 1726 Dicunt
576 1694 628 1727 se
650 1677 861 1740 gaudere
1168 1679 1238 1730 112
1261 1679 1424 1727 disent
1447 1694 1513 1741 qn
1512 1680 1594 1726 'ils
1616 1678 1801 1727 aiment

368 1758 546 1806 genere
580 1743 775 1792 dicendi
809 1742 992 1791 Attico.
1167 1746 1213 1794 le
1239 1745 1365 1809 style
1388 1746 1605 1807 Attique.

367 1809 428 1859 Id
443 1810 638 1873 quidem
650 1811 908 1874 sapienter.
1168 1812 1284 1861 Cela
1309 1824 1461 1859 certes
1486 1817 1737 1872 sagement
1758 1812 1841 1873 (ils
1865 1816 1951 1859 ont
1975 1807 2182 1871 raison).

369 1876 535 1939 Atque
574 1878 766 1924 utinam
804 1877 1117 1922 imitarentur
1168 1879 1233 1928 Et
1260 1877 1582 1941 plut-au-ciel
1605 1877 1753 1939 qu'ils
1779 1877 2051 1928 imitassent

367 1957 461 1991 nec
487 1957 602 1990 ossa
628 1943 805 1993 scium.
1170 1960 1268 1993 non
1291 1960 1380 2006 pas
1406 1945 1671 1993 seulement
1694 1943 1765 1993 les
1791 1959 1859 2003 os,

369 2008 458 2056 sed
479 2009 627 2056 etiam
647 2010 956 2070 sanguinem.
1172 2011 1296 2058 mais
1316 2026 1489 2059 encore
1513 2012 1556 2058 le
1576 2026 1701 2074 sang
1724 2011 1795 2072 (la
1821 2009 2061 2073 vigneur).

368 2074 559 2124 Tamen
586 2074 714 2135 quod
734 2074 908 2122 volunt
1169 2077 1422 2125 Toutefois
1447 2092 1502 2124 ce
1526 2077 1671 2139 qu'ils
1693 2076 1892 2124 veulent

369 2149 447 2189 est
473 2150 690 2204 gratum.
1170 2143 1503 2192 merite-de-la
1526 2144 1943 2193 reconnaissance.

370 2205 472 2257 Cur
496 2208 649 2268 igitur
672 2207 843 2269 Lysias
1169 2208 1417 2272 Pourquoi
1440 2210 1565 2257 donc
1591 2208 1766 2271 Lysias

369 2281 420 2324 et
447 2273 719 2337 Hyperides
745 2281 956 2334 amatur,
1169 2283 1218 2323 et
1242 2275 1485 2338 vaeride
1510 2281 1603 2323 est·
1603 2276 1642 2323 il
1663 2276 1806 2333 aime,

371 2355 524 2403 quum
549 2341 670 2389 Cato
1170 2341 1428 2404 tandisque
1447 2342 1601 2391 Caton

370 2407 627 2464 ignoretur
651 2402 878 2470 penitus?
1171 2415 1244 2456 est
1265 2409 1438 2471 ignore
1459 2403 1867 2469 completement?

372 2470 542 2522 Sermo
564 2474 670 2536 ejus
689 2481 763 2522 est
783 2471 1049 2535 antiquior,
1169 2474 1236 2524 Le
1258 2475 1475 2537 langage
1497 2474 1555 2521 de
1578 2474 1652 2522 lui
1676 2480 1750 2520 est
1782 2482 1912 2536 trop·
1914 2471 2078 2529 vieux,

373 2540 647 2603 etquoedam
659 2540 807 2588 verba
820 2537 1113 2594 horridiorat
1169 2548 1218 2590 et
1243 2542 1458 2590 certains
1481 2549 1657 2588 termes
1680 2547 1781 2589 sont
1801 2539 2057 2595 surannes;

372 2613 479 2653 tum
507 2609 638 2654 enim
670 2607 994 2671 loquebantur
1026 2601 1112 2650 ita.
1168 2623 1253 2656 car
1274 2609 1406 2656 alors
1429 2608 1491 2654 ils
1515 2607 1755 2670 parlaient
1778 2605 1924 2654 ainsi.

372 2671 513 2720 Muta
540 2673 607 2730 id,
1168 2674 1370 2738 change
1393 2675 1517 2730 cela,

373 2740 500 2801 quod
531 2739 617 2787 ille
644 2754 744 2787 non
768 2739 930 2802 potnit
956 2746 1080 2794 tum,
1170 2756 1265 2803 que
1289 2741 1365 2788 lui
1388 2755 1449 2788 ne
1473 2749 1560 2803 put
1584 2741 1780 2800 (Μηθυ-
1804 2737 1950 2799 alors,

373 2810 424 2852 et
444 2803 569 2854 adde
591 2819 840 2863 numeros,
1171 2812 1220 2855 et
1241 2807 1408 2870 ajoute
1432 2806 1496 2854 du
1522 2806 1740 2863 nombre,

374 2878 433 2920 ut
455 2871 613 2920 oratio
635 2872 702 2920 sit
720 2873 905 2933 aptior-3
1172 2888 1296 2936 pour
1318 2887 1412 2935 que
1434 2872 1480 2920 le
1503 2872 1629 2935 style
1656 2873 1753 2920 soit
1774 2869 2008 2933 plus-lie·

375 2950 612 2999 compone
634 2938 783 2987 verba
805 2938 929 3000 ipsa,
1171 2939 1363 3000 dispose
1384 2939 1456 2986 les
1480 2947 1606 2986 mots
1622 2939 1919 2986 eux-memes

376 3009 424 3052 et
445 3004 582 3066 quasi
611 3011 918 3068 coagmenta,
1169 3011 1218 3052 et
1240 3005 1686 3067 en-quelque-sorte
1708 3002 2052 3060 „semble-lu,

375 3070 507 3132 quod
520 3085 581 3118 ne
592 3079 771 3119 veteres
784 3071 980 3133 quidem
1170 3086 1225 3119 ce
1243 3086 1337 3133 que
1355 3087 1440 3135 pas
1460 3073 1613 3118 meme
1631 3071 1702 3119 les
1722 3068 1918 3118 anciens

375 3135 540 3185 (ἔτεσί
1169 3136 1323 3187 Greos

375 3200 718 3251 factitavernnt
738 3220 751 3249 z
1170 3206 1313 3253 n’ont
1333 3217 1419 3267 pas
1440 3201 1786 3251 fait-souvent:

372 3267 478 3332 jam
502 3278 763 3332 antepones
1175 3269 1378 3319 des-lora
1406 3279 1461 3316 tu
1489 3284 1547 3317 m
1568 3269 1829 3331 prefereras

376 3335 619 3384 neminem
642 3335 838 3384 Catoni.
1171 3350 1410 3399 personne
1443 3338 1474 3382 a
1500 3334 1673 3384 Caton-

376 3399 537 3451 Groeci
563 3411 738 3464 putant
1171 3401 1266 3451 Les
1297 3402 1447 3451 Grecs
1480 3402 1665 3449 croient

377 3467 645 3516 orationem
667 3466 853 3526 ornari,
1172 3467 1221 3515 le
1244 3468 1462 3516 discours
1480 3470 1580 3514 etre
1596 3465 1808 3527 embelli,

376 3533 418 3582 si
446 3541 648 3583 utantur
1176 3534 1284 3583 s'ils
1306 3534 1416 3582 font
1435 3546 1588 3596 usage
