2592 4084
511 425 626 480 236
1307 434 1566 479 BRUTUS.

509 552 795 608 devinctus
837 555 956 605 erat
994 548 1196 622 fasciis,
1229 554 1285 606 et
1311 549 1499 605 multis
1526 548 1964 618 medicamentiS,
1995 554 2223 620 propter
2253 555 2364 605 do-

506 635 683 691 lorem
712 640 955 700 artuum,
985 634 1286 707 delibutuS,
1319 637 1673 707 «Nunquam,
1712 634 1908 707 inquit,
1939 635 2154 704 Octavi,
2187 636 2362 690 colle·

506 736 593 792 gae
627 724 724 774 tuo
768 719 1009 790 gratiam
1044 718 1286 788 referes3
1335 719 1430 790 qui
1470 718 1577 774 nisi
1608 734 1668 774 se
1702 734 1802 774 suo
1829 734 1982 774 more
2015 718 2357 790 jactavisset,

510 802 675 858 hodie
706 807 763 857 te
796 803 920 858 istic
950 819 1154 859 muscae
1184 801 1576 859 comedissent.
1595 821 1623 855 ι
1648 803 1916 858 Memoria
1937 808 2129 858 autem
2156 804 2237 858 ita
2260 805 2365 858 fuit

505 886 678 959 nulla,
722 892 784 943 ut
818 887 1132 960 aliquoties,
1167 887 1278 943 tria
1321 904 1496 960 quum
1535 888 1929 959 proposuisset,
1969 893 2068 942 aut
2095 895 2360 958 quartum

506 970 756 1044 adderet,
792 977 888 1027 aut
920 972 1147 1028 tertium
1180 976 1457 1044 quaereret
1488 990 1501 1027 :
1544 971 1638 1044 qui
1676 971 1735 1026 in
1769 971 1979 1044 judicio
2016 971 2240 1042 privato
2265 973 2357 1027 vel

505 1055 764 1127 maximo,
805 1072 976 1128 quum
1025 1071 1130 1128 ego
1172 1072 1272 1127 pro
1318 1055 1522 1111 Titinia
1568 1057 1738 1111 Cottae
1789 1055 2219 1127 peroravissem,
2266 1056 2359 1110 ille

506 1144 697 1195 contra
738 1155 828 1195 me
870 1156 971 1212 pro
1018 1142 1140 1197 Ser.
1187 1140 1376 1197 Naevio
1418 1140 1648 1210 diceret,
1695 1140 1874 1197 subito
1911 1146 2086 1194 totam
2131 1155 2358 1195 causam

506 1224 708 1281 oblitus
747 1229 849 1296 est,
891 1224 1057 1296 idque
1097 1223 1380 1281 veneficiis
1416 1227 1474 1280 et
1512 1223 1859 1281 cantionibus
1885 1224 2102 1279 Titiniae
2149 1224 2358 1279 factum

507 1325 628 1364 esse
653 1308 889 1365 dicebat.
918 1310 1118 1380 Magna
1140 1308 1259 1364 haee
1282 1308 1621 1364 immemoris
1647 1308 1857 1381 ingenii
1881 1308 2073 1380 signa;
2097 1309 2199 1364 sed
2222 1308 2359 1363 nihil

504 1392 738 1463 turpius,
775 1407 943 1464 quam
984 1392 1131 1463 quod
1171 1391 1340 1448 etiam
1387 1392 1444 1446 in
1487 1392 1705 1462 scriptis
1733 1389 2176 1460 oblivisceretur,
2222 1391 2359 1462 quid

502 1474 691 1546 paullo
735 1482 863 1531 ante
905 1478 1208 1548 posuisset;
1257 1481 1321 1530 ut
1355 1476 1411 1530 in
1451 1492 1516 1531 eo
1547 1475 1709 1547 libro,
1756 1474 1853 1530 ubi
1886 1491 1967 1546 se,
2007 1481 2304 1531 exeuntem
2328 1491 2359 1530 e

503 1565 719 1630 senatu,
760 1565 818 1615 et
854 1574 981 1614 cum
1022 1562 1201 1615 Pansa
1244 1564 1452 1625 nostr0,
1493 1565 1554 1614 et
1581 1575 1708 1614 cum
1747 1558 1987 1615 Curione
2015 1558 2153 1630 filio,
2185 1557 2357 1615 collo-

503 1648 762 1715 quentem
805 1643 939 1699 facit
982 1645 1191 1716 (quum
1246 1651 1501 1698 senatum
1546 1644 1732 1698 Caesar
1780 1642 1971 1698 consul
2022 1642 2356 1713 habuisset),

502 1727 790 1799 omnisque
828 1727 922 1783 ille
965 1742 1149 1782 sermo
1197 1727 1395 1782 ductus
1435 1743 1465 1782 e
1494 1727 1939 1798 percunctatione
1976 1726 2098 1797 filii,
2132 1726 2272 1798 quid
2300 1726 2361 1781 in

500 1814 696 1865 senatu
723 1817 869 1866 esset
895 1815 1103 1867 actum.
1134 1812 1195 1864 In
1223 1826 1333 1881 quo
1358 1810 1552 1866 multis
1580 1811 1761 1868 verbis
1787 1826 1960 1882 quum
1986 1810 2358 1865 inveheretur

501 1890 558 1947 in
579 1893 848 1950 Caesarem
874 1894 1063 1965 Curio,
1098 1893 1510 1967 disputatioque
1540 1900 1684 1951 esset
1708 1896 1852 1951 inter
1876 1910 1989 1966 θος,
2030 1899 2092 1950 ut
2116 1901 2202 1950 est
2224 1910 2355 1951 con-

501 2161 607 2210 duit
622 2162 797 2210 devant
810 2161 857 2210 le
875 2162 1047 2225 peuple
1059 2162 1131 2210 les
1154 2162 1284 2210 deux
1305 2162 1502 2210 consuls
1520 2161 1703 2212 Carion
1717 2167 1766 2210 et
1787 2161 1881 2212 Cn.
1899 2163 2152 2212 Octavius.
2169 2163 2355 2214 Carion

499 2242 640 2304 parla
662 2240 955 2302 longtemps‚
995 2240 1154 2288 tendis
1178 2256 1271 2303 que
1290 2240 1468 2289 l’autre
1488 2241 1678 2301 consul,
1711 2240 1901 2289 malado
1926 2242 1985 2289 de
2017 2243 2070 2290 la.
2092 2250 2280 2305 goutte,
2308 2254 2357 2293 et

499 2326 606 2370 tout
646 2320 907 2382 enveloppe
934 2319 994 2368 de
1024 2319 1270 2384 bandages
1302 2328 1352 2369 et
1386 2321 1689 2385 d'onguents,
1727 2320 1846 2369 etait
1874 2321 1997 2369 assis
2019 2324 2129 2385 pres
2162 2320 2220 2370 de
2256 2323 2353 2371 lui.

502 2419 528 2446 ι
553 2400 694 2449 Vous
721 2414 784 2447 ne
814 2414 998 2462 pouvez
1033 2414 1172 2448 assez
1211 2401 1465 2448 remercier
1501 2407 1637 2448 votre
1671 2400 1909 2464 collegae,
1938 2401 2011 2448 dit
2046 2401 2094 2449 le
2128 2401 2301 2450 tribun
2323 2404 2354 2451 δ

497 2479 758 2532 Octavium
784 2494 867 2528 cer
890 2480 968 2527 s'il
988 2495 1050 2527 ne
1077 2495 1129 2528 se
1156 2479 1235 2527 sut
1256 2480 1391 2543 agite
1421 2481 1451 2527 ὲ
1475 2494 1564 2527 son
1586 2479 1851 2539 ordinaire,
1872 2480 1944 2528 les
1967 2479 2201 2529 mouches
2230 2496 2353 2529 vous

495 2562 717 2608 auraient
741 2558 913 2608 devote
938 2559 1273 2622 aujourd’hui.
1311 2579 1334 2603 ι
1361 2558 1493 2608 Pour
1516 2560 1566 2606 la
1589 2559 1841 2620 memoire,
1865 2558 2051 2609 Curion
2073 2574 2134 2606 en
2161 2562 2281 2608 etait
2309 2562 2351 2609 si

498 2636 762 2700 ddpourm,
790 2638 1012 2701 qu’apres
1025 2639 1161 2686 avoir
1179 2639 1403 2686 annonce
1427 2639 1546 2685 trois
1575 2637 1828 2696 divisione,
1854 2638 1893 2686 il
1918 2638 1993 2686 lui
2016 2640 2222 2687 arrivait
2240 2640 2349 2688 d’en

494 2715 684 2779 ajouter
707 2731 803 2763 une
842 2718 1123 2779 quatrieme,
1165 2731 1230 2763 ou
1267 2717 1325 2764 de
1359 2731 1423 2766 ne
1456 2717 1568 2779 plus
1606 2724 1856 2766 retrouver
1886 2718 1936 2765 la
1963 2718 2225 2768 troisieme.
2270 2721 2347 2770 Un

486 2795 607 2858 jour
634 2809 728 2857 que
758 2810 883 2842 nous
921 2796 1162 2858 plaidions
1194 2796 1303 2843 l'un
1335 2802 1502 2844 contre
1529 2797 1706 2845 l'autre
1738 2797 1860 2846 dans
1889 2813 1986 2846 une
2008 2814 2156 2848 cause
2191 2802 2349 2862 privee

491 2875 592 2923 fort
611 2875 921 2936 importante,
943 2874 1046 2921 moi
1070 2890 1193 2937 pour
1216 2875 1421 2931 Titinia,
1449 2875 1626 2924 femme
1649 2877 1707 2924 de
1724 2877 1882 2936 Cotta,
1900 2878 1972 2925 lui
1992 2893 2116 2942 pour
2140 2879 2342 2939 Nevius,

490 2953 529 3002 il
548 2953 714 3001 oublia
737 2952 1031 3000 subitement
1056 2967 1112 2999 sa
1133 2967 1276 2999 cause
1302 2961 1407 3000 tout
1434 2953 1632 3005 entiere.
1671 2962 1720 3002 et
1743 2955 1895 3017 rejeta
1916 2971 1971 3005 ce
2003 2966 2345 3022 contre-temps

489 3044 575 3079 eur
600 3030 670 3079 les
705 3030 1098 3080 enchantements
1133 3041 1182 3078 et
1215 3033 1286 3079 les
1328 3034 1575 3097 sortileges
1609 3034 1668 3082 de
1693 3035 1897 3083 Titinia.
1938 3036 2001 3086 Ge
2039 3046 2152 3085 sont
2190 3039 2239 3086 la
2286 3040 2344 3088 de

488 3097 698 3173 grandes
731 3126 933 3175 preuves
970 3111 1115 3159 d’une
1142 3113 1373 3159 memoire
1398 3113 1620 3172 infidele3
1647 3116 1771 3163 mais
1793 3129 1848 3164 ce
1879 3115 2001 3177 qu’il
2030 3132 2060 3179 y
2086 3132 2117 3165 a.
2142 3117 2201 3164 de
2230 3119 2344 3180 plns

488 3189 727 3249 honteux,
753 3190 871 3238 c’est
892 3205 987 3252 que
1010 3193 1166 3237 meme
1190 3205 1249 3238 en
1276 3190 1496 3238 ecrivant
1509 3192 1544 3239 il
1573 3192 1764 3255 perdait
1786 3194 1831 3242 le
1850 3196 2077 3242 souvenir
2098 3195 2157 3242 de
2177 3211 2232 3243 ce
2250 3211 2343 3259 qne

487 3285 543 3319 sa
564 3271 697 3319 main
722 3272 887 3320 venuit
909 3271 969 3319 de
990 3278 1146 3320 traeer
1176 3287 1244 3319 un
1269 3272 1456 3320 instant
1478 3273 1586 3336 plus
1607 3275 1698 3321 tot.
1721 3272 1798 3323 On
1823 3289 1883 3322 en
1901 3276 2005 3325 voit
2025 3292 2094 3324 un
2121 3281 2342 3342 exemplo

488 3350 610 3399 dans
645 3366 733 3399 son
759 3351 990 3416 dialogne
1015 3359 1150 3401 entre
1176 3363 1317 3400 notre
1343 3353 1440 3400 ami
1471 3352 1650 3408 Pansa,
1682 3353 1862 3402 Curion
1886 3368 1972 3401 eon
2002 3354 2102 3416 file,
2130 3364 2175 3403 et
2214 3358 2339 3406 l'au.

487 3434 595 3478 teur
616 3430 874 3479 lui-meme
899 3451 912 3481 z
938 3432 1167 3495 dialogue
1200 3433 1265 3480 ou
1295 3431 1334 3479 il
1357 3447 1407 3480 ee
1441 3433 1710 3495 represente
1744 3438 1931 3481 soi-tant
1964 3433 2030 3479 du
2061 3437 2217 3492 senat,
2247 3453 2338 3499 que

487 3507 637 3557 cesar
655 3509 820 3558 venuit
838 3509 898 3558 de
916 3511 1130 3573 presider
1151 3527 1211 3560 en
1233 3512 1418 3574 qualite
1439 3511 1498 3558 de
1525 3509 1715 3570 consul,
1735 3517 1784 3558 et
1801 3513 2072 3574 repondant
2092 3515 2123 3560 ὲ
2147 3528 2236 3561 eon
2257 3515 2336 3563 fils

484 3585 569 3645 qui
590 3586 662 3634 lui
679 3586 915 3639 demande
934 3603 988 3638 ce
1010 3590 1097 3653 qui
1117 3589 1234 3640 s’est
1255 3592 1395 3654 passe
1421 3588 1544 3638 dans
1564 3594 1687 3641 cette
1706 3589 1981 3639 memblee.
2008 3591 2164 3653 Apres
2188 3591 2316 3641 beau
