2592 4084
446 335 559 394 370
705 383 718 396 .
1228 347 1499 394 numus,

438 459 717 538 profectus
739 477 801 516 1n
824 459 1092 530 Galliam3
1118 460 1375 535 princeps
1400 468 1456 519 et
1477 469 1598 520 erat
1625 468 1682 519 et
1709 464 2016 523 habebatur
2045 473 2285 529 Horten-

437 574 573 631 sius.
610 572 794 639 Quum
824 575 1010 627 autem
1051 587 1194 627 anno
1225 578 1352 645 post
1378 588 1409 629 e
1436 573 1625 631 Sicilia
1665 585 1755 628 me
1779 577 2137 650 recepissem,
2166 579 2283 653 jam

434 682 727 742 videbatur
770 682 910 740 illud
956 683 1017 739 in
1056 700 1164 755 me,
1210 686 1480 758 quidquid
1516 693 1685 760 esset,
1712 706 1837 746 esse
1860 690 2194 762 perfectum,
2228 697 2283 750 et

434 791 638 848 habere
662 792 1039 849 maturitatem
1056 769 1354 866 quamdam
1381 810 1563 850 suam.
1590 796 1767 853 Nimis
1789 797 1966 853 multa
1992 798 2189 857 videor
2211 800 2280 856 de

435 918 548 972 me,
573 902 690 973 ipse
716 902 1056 974 praesertim3
1083 902 1183 958 sed
1209 903 1358 958 omni
1381 903 1513 959 huic
1542 905 1781 962 sermoni
1805 908 2152 978 propositum
2174 915 2279 983 est,

432 1028 543 1070 non
583 1018 647 1068 ut
692 1012 976 1083 ingenium
1014 1018 1069 1068 et
1114 1011 1487 1085 eloquentiam
1537 1031 1720 1071 meam
1763 1017 2089 1090 perspiciaS‚
2131 1019 2279 1076 unde

432 1122 599 1193 longe
638 1122 852 1193 absum,
902 1122 1000 1178 sed
1045 1126 1106 1178 ut
1150 1121 1398 1179 laborem
1441 1130 1498 1179 et
1524 1124 1869 1180 industriam.
1898 1127 2083 1193 Quum
2111 1128 2278 1199 igitur

432 1251 612 1294 essem
647 1235 707 1289 in
732 1232 982 1305 plurimis
1026 1235 1227 1305 causis,
1264 1241 1321 1290 et
1346 1234 1406 1289 in
1441 1236 1780 1308 principibus
1812 1238 2082 1308 patroniS‚
2100 1240 2273 1312 ‚quin-

429 1345 733 1421 quennium
759 1344 875 1401 fere
902 1349 1310 1413 versatuS,tum
1333 1344 1391 1399 in
1410 1345 1711 1417 patrocinio
1736 1345 2013 1402 Siciliensi
2037 1349 2273 1404 maxime

430 1455 490 1512 in
517 1459 798 1509 certamen
841 1455 969 1510 veni
996 1453 1316 1525 designatus
1344 1441 1529 1510 eedilis
1556 1470 1683 1511 cum
1723 1456 2010 1527 designato
2041 1460 2267 1515 consule

429 1565 746 1624 Hortensio.
1293 1541 1301 1549 ’

495 1679 683 1733 XCIII.
724 1675 831 1732 Sed
866 1675 1126 1747 quoniam
1166 1674 1346 1730 omnis
1381 1674 1472 1729 hic
1505 1689 1688 1730 sermo
1726 1679 1914 1731 noster
1947 1692 2058 1731 non
2092 1678 2269 1734 solum

425 1788 900 1848 enumerationem
924 1785 1242 1857 oratoriam,
1275 1802 1473 1843 verum
1501 1786 1668 1843 etiam
1706 1793 1984 1858 praecepta
2012 1790 2265 1858 quaedam

421 2003 525 2057 lite.
549 2003 702 2065 Api-ee
724 2016 808 2049 ma
828 2005 1053 2063 questore
1071 1999 1205 2048 vient
1227 2000 1422 2048 l’anneo
1443 2002 1508 2048 ou
1524 1998 1683 2062 j’allai
1703 2014 1762 2047 en
1790 1998 1938 2048 Sicile
1964 2000 2168 2064 templir
2194 2000 2264 2048 les

421 2113 601 2161 memes
627 2107 887 2155 fonctions.
907 2104 1052 2154 Cotta
1085 2103 1235 2166 partit
1255 2119 1380 2168 pour
1402 2104 1453 2152 la
1487 2104 1646 2154 Ganle
1667 2118 1731 2151 au
1756 2104 1902 2152 sot-tir
1918 2104 1986 2152 du
2011 2108 2255 2165 consulat3

420 2213 724 2271 Hortensius,
750 2211 875 2258 reste
897 2212 927 2257 ὲ,
961 2209 1133 2271 Rome,
1155 2208 1276 2257 &tait
1296 2209 1343 2258 le
1367 2209 1590 2272 premier,
1621 2214 1668 2257 et
1708 2224 1773 2259 au
1796 2211 2023 2268 barrem,
2060 2218 2110 2259 et
2143 2212 2262 2259 dans

417 2321 654 2385 l'opinion
672 2317 919 2382 publique.
945 2315 990 2364 A
1012 2330 1127 2364 mon
1146 2322 1310 2365 retour
1327 2317 1386 2364 de
1400 2317 1450 2365 la
1472 2316 1616 2365 Sicile
1633 2319 1768 2380 apres
1799 2332 1870 2364 un
1900 2333 1964 2365 an
1988 2317 2253 2375 d’absenee.

417 2442 534 2480 mon
548 2427 719 2482 taient,
745 2425 855 2487 quel
874 2421 995 2487 qu'il
1015 2422 1125 2480 soit,
1147 2428 1292 2486 parnt
1329 2424 1489 2472 ari-ive
1513 2425 1543 2470 e
1567 2423 1620 2470 la
1638 2422 1904 2486 perfectiori
1937 2423 2053 2471 dont
2079 2425 2117 2470 il
2131 2425 2252 2473 etait

414 2527 719 2594 susceptible,
730 2534 794 2590 et,
818 2541 939 2589 pour
962 2527 1086 2575 ainsi
1112 2526 1234 2585 dire,
1255 2528 1286 2575 ὲ,
1313 2542 1401 2574 son
1436 2527 1571 2589 point
1596 2525 1655 2574 de
1690 2527 1934 2574 maturite.
1963 2525 2049 2574 Ces
2072 2524 2250 2574 details

412 2653 501 2688 flur
522 2637 799 2685 moi-meme
814 2640 924 2682 sont
939 2634 1186 2697 peut-&tre
1207 2647 1273 2681 un
1283 2648 1376 2696 peu
1391 2632 1553 2696 longe,
1576 2637 1770 2680 eut-tout
1791 2631 1908 2681 dane
1919 2646 1999 2678 ma
2021 2632 2216 2681 boue-he

412 2743 535 2797 mais
561 2756 614 2789 ce
634 2741 762 2789 n’eet
784 2755 870 2804 pas
892 2755 1009 2789 mon
1024 2741 1178 2791 talant
1199 2746 1248 2789 et
1273 2754 1391 2788 mon
1415 2740 1681 2804 eloquenee
1709 2740 1830 2791 dont
1855 2740 1908 2804 je
1928 2739 2157 2803 pretends
2183 2738 2252 2789 ici

409 2863 531 2899 vous
557 2848 674 2896 faire
692 2846 928 2896 l'hietoire
950 2870 966 2914 3
1000 2848 1106 2897 loin
1127 2847 1186 2896 de
1202 2846 1302 2896 moi
1322 2852 1444 2895 cette
1465 2849 1655 2916 venite:
1681 2862 1734 2897 ce
1759 2855 1871 2897 sont
1890 2863 1994 2897 mes
2017 2856 2243 2908 travanx,

406 2960 526 3008 c’est
547 2957 761 3020 l'emploi
781 2956 839 3004 de
864 2972 976 3005 mon
1000 2963 1152 3020 tempe
1172 2955 1327 3019 queje
1346 2971 1466 3005 vous
1482 2956 1576 3006 faie
1599 2960 1867 3006 connaitre.
1896 2957 2054 3022 Apres
2085 2957 2238 3014 avoir,

406 3063 618 3130 pendant
649 3064 763 3125 cinq
774 3078 863 3111 ane
888 3064 919 3111 ὲ.
938 3076 1032 3124 peu
1048 3063 1168 3124 pres,
1198 3061 1360 3125 plaido
1388 3063 1635 3125 beaucoup
1659 3061 1719 3110 de
1758 3075 1928 3110 causes
1957 3069 2007 3109 et
2023 3071 2135 3109 tenu
2158 3074 2243 3109 ma

404 3170 540 3235 place
561 3169 718 3232 parmi
737 3168 809 3216 les
831 3167 1117 3230 principaux
1147 3175 1361 3225 avocate,
1380 3168 1431 3230 je
1451 3168 1531 3216 fue
1552 3167 1733 3230 charge
1764 3165 1847 3215 dee
1875 3166 2074 3215 interets
2097 3164 2156 3213 de
2189 3165 2240 3213 ln

400 3275 567 3335 Sicile,
585 3281 633 3323 et
648 3274 700 3336 je
715 3273 918 3331 soutins,
934 3272 1060 3323 edile
1077 3273 1289 3338 designo,
1321 3279 1487 3323 contre
1518 3273 1808 3322 Hortensius
1826 3273 2027 3338 demgne
2048 3273 2240 3334 consul,

399 3381 453 3431 12
468 3380 593 3428 lutto
609 3380 661 3427 la
681 3378 793 3440 plus
810 3377 917 3426 vive
943 3393 1036 3441 que
1057 3379 1172 3443 J'aie
1190 3394 1278 3429 ene
1310 3395 1426 3429 aveo
1452 3380 1542 3427 lui.

464 3482 643 3533 xcm.
681 3481 805 3532 Mais
824 3497 1012 3533 comme
1032 3497 1088 3534 ce
1116 3483 1240 3534 n’eet
1262 3499 1348 3548 pas
1381 3486 1643 3534 seulement
1664 3500 1761 3534 une
1795 3483 2134 3533 enumeration
2160 3484 2247 3532 dee
