2592 4084
379 313 453 371 ⁷2
1162 321 1424 368 namus,

373 441 500 496 tura
532 436 676 493 ratio
719 439 843 492 est:
889 435 947 490 in
982 450 1093 508 qua
1127 436 1381 509 Zeuxim,
1416 442 1473 493 et
1506 437 1892 510 Polygnotum,
1925 443 1981 494 et
2006 437 2222 494 Timau-

373 521 550 585 them,
580 524 638 575 et
664 533 875 584 eorum,
908 517 1005 592 qui
1039 533 1150 574 non
1176 524 1306 575 sunt
1339 519 1429 575 usi
1454 518 1578 592 plus
1615 536 1784 593 quam
1811 525 2051 593 quatuor
2071 520 2220 577 colo-

372 601 550 673 ribus»,
573 603 784 659 formas
812 608 870 658 et
896 601 1233 659 lineamenta
1259 602 1553 660 laudamus
1580 620 1594 670 3
1626 609 1682 660 at
1704 603 1763 659 in
1784 603 2034 676 Aetione,
2065 604 2225 661 Nico-

373 685 596 752 macho,
642 688 969 757 Protogene,
1009 685 1260 757 Appelle‚
1299 686 1417 756 jam
1456 686 1702 757 perfecta
1745 690 1878 742 sunt
1915 686 2119 742 omnia.
2156 690 2224 742 Et

373 770 563 829 nescio
591 785 662 826 an
689 769 919 842 reliquis
957 769 1015 824 in
1044 769 1211 825 rebus
1246 768 1503 827 omnibus
1527 769 1676 826 idem
1697 770 1945 841 eveniat3
1976 769 2116 825 nihil
2137 776 2224 827 est

376 854 529 911 enim
553 852 721 910 simul
760 860 818 909 et
845 853 1133 909 inventum
1159 857 1217 907 et
1249 853 1597 925 perfectum3
1628 869 1731 909 nec
1759 853 2000 910 dubitari
2029 852 2222 926 debet,

373 940 508 1012 quin
532 937 739 995 fuerint
760 942 886 994 ante
912 939 1212 992 Homerum
1248 942 1426 1008 poetae
1452 955 1466 993 :
1499 936 1644 1009 quod
1672 953 1743 992 ex
1771 937 1851 993 eis
1887 935 2226 994 carminibus

373 1021 611 1096 intelligi
631 1028 834 1095 potest,
857 1037 981 1094 quae
1006 1021 1154 1093 apud
1183 1019 1365 1092 illum,
1408 1021 1544 1076 etin
1575 1021 1889 1085 Phaeacum,
1924 1020 2063 1076 etin
2094 1037 2224 1092 pro-

374 1121 568 1164 corum
579 1104 762 1180 epulis
775 1111 1066 1161 canuntur.
1090 1102 1276 1171 Quid?
1304 1104 1482 1160 nostri
1511 1109 1729 1160 veteres
1756 1121 1952 1160 versus
1976 1103 2073 1159 ubi
2096 1108 2227 1159 sunt

605 1233 737 1287 Quos
763 1226 883 1278 olim
905 1229 1089 1287 Fauni,
1119 1232 1356 1290 vatesque
1378 1227 1641 1287 canebant,

496 1301 660 1355 Quum
686 1309 850 1359 neque
872 1299 1123 1345 Musarum
1153 1297 1386 1360 scopulos
1412 1297 1678 1360 quisquam
1704 1302 1986 1360 superarat,

494 1371 594 1417 Nec
619 1368 736 1417 dicti
762 1368 1014 1417 studiosus
1036 1373 1227 1417 erat....·
1719 1392 1728 1404 ·

496 1441 626 1487 Ante
659 1437 874 1487 hunc...

373 1553 453 1609 ait
481 1553 600 1623 ipse
630 1551 699 1608 de
720 1567 781 1608 se
808 1568 824 1607 ε
860 1569 963 1609 nec
996 1553 1261 1609 mentitur
1283 1553 1342 1608 in
1364 1552 1690 1626 gloriand03
1724 1552 1803 1609 sic
1821 1553 1969 1610 enim
1985 1568 2109 1610 sese
2130 1568 2225 1611 res

373 1634 566 1692 habet:
593 1648 721 1691 nam
750 1639 806 1691 et
832 1635 1078 1707 Odyssea
1100 1635 1275 1690 latina
1295 1645 1396 1707 est,
1428 1635 1529 1707 sic,
1550 1641 1815 1709 tanquam
1831 1651 1970 1707 opus
1997 1635 2224 1707 aliquod

371 1717 604 1789 Daedali,
634 1725 689 1774 et
708 1718 949 1775 Livianae
979 1719 1199 1790 fabulae,
1224 1733 1337 1774 non
1364 1718 1500 1775 satis
1528 1718 1729 1791 dignae,
1758 1735 1880 1791 quae
1905 1718 2112 1773 iterum
2140 1720 2221 1775 le-

370 1809 593 1876 gantur.
618 1806 798 1875 Atque
826 1803 918 1859 hic
942 1790 1151 1872 LiviuS,
1182 1803 1277 1874 qui
1310 1803 1521 1875 primus
1560 1801 1829 1867 fabulam,
1858 1804 1918 1857 C.
1964 1803 2219 1875 Claudio,

370 1886 513 1943 Caeci
546 1886 683 1959 filio,
731 1892 787 1943 et
821 1889 896 1942 M.
943 1886 1215 1943 Tuditano
1254 1885 1609 1957 consulibuS‚
1642 1885 1849 1957 docuit,
1896 1901 2039 1941 anno
2073 1886 2222 1958 ipso,

365 2062 418 2112 1⁸
440 2058 676 2123 poium-e,
725 2057 804 2108 On
835 2057 947 2104 lone
977 2056 1099 2106 dane
1139 2056 1335 2115 Zeuxis,
1366 2056 1656 2123 Polygnoto,
1685 2057 1944 2108 Timanthe
1966 2068 2015 2107 et
2035 2059 2103 2108 les
2137 2075 2226 2108 ar-

367 2148 503 2199 tiata:
523 2145 606 2210 qui
628 2146 768 2195 n’ont
788 2145 1010 2208 employe
1042 2159 1134 2208 que
1175 2152 1346 2208 quatre
1366 2148 1611 2205 eculeum,
1638 2147 1687 2196 le
1718 2146 1880 2196 desein
1902 2154 1952 2196 et
1979 2148 2029 2196 la
2053 2151 2223 2211 purete

368 2235 453 2286 des
466 2236 666 2285 formes.
682 2233 809 2283 Mais
830 2232 953 2282 dans
974 2233 1169 2289 Aetion,
1184 2233 1501 2298 Nicomaque,
1523 2235 1798 2300 Protogene
1814 2242 1864 2284 et
1878 2235 2096 2299 Appelle‚
2113 2243 2222 2284 tout

365 2331 441 2376 eet
473 2323 668 2387 parfait.
695 2323 832 2372 Tolle
857 2331 931 2371 eet
966 2339 1079 2373 sans
1114 2323 1258 2372 doute
1293 2324 1345 2375 la
1386 2325 1599 2373 destinee
1623 2324 1681 2373 de
1708 2334 1818 2373 tous
1854 2326 1923 2373 les
1951 2332 2085 2372 arta:
2114 2326 2221 2374 rien

365 2414 450 2464 n’a
473 2415 547 2462 ete
563 2412 889 2476 perfectionne
909 2426 968 2462 en
992 2415 1150 2460 meme
1170 2421 1325 2474 tempe
1343 2412 1636 2474 qu’invente.
1661 2411 1739 2462 On
1770 2427 1832 2461 ne
1855 2420 1968 2475 peut
1987 2429 2072 2476 pas
2094 2413 2220 2462 dou-

367 2511 443 2553 ποι·
468 2502 588 2567 qu'il
606 2502 692 2565 n’y
706 2502 776 2549 ait
796 2516 857 2548 eu
881 2499 963 2548 dee
989 2504 1149 2565 po‘e'tee
1168 2508 1316 2549 avant
1343 2501 1569 2549 Homere.
1603 2501 1885 2549 Lai-meme
1910 2501 1999 2549 fait
2019 2502 2224 2550 chanter

368 2590 453 2640 des
472 2605 580 2639 vera
614 2591 736 2639 dans
757 2590 828 2640 10⁸
848 2589 1018 2640 festina
1037 2590 1120 2638 dee
1154 2588 1420 2638 Pheaciena
1444 2594 1494 2636 et
1529 2589 1649 2636 dane
1683 2603 1806 2636 ceux
1838 2588 1921 2635 des
1950 2597 2142 2637 amante
2164 2588 2223 2637 de

366 2679 620 2742 Penelope.
644 2679 708 2728 Et
729 2678 845 2727 chen
866 2692 1005 2735 nous,
1030 2677 1096 2725 οὺ
1117 2685 1230 2725 sont
1256 2691 1336 2725 ces
1356 2677 1555 2725 anciene
1576 2692 1701 2734 vers,

435 2769 525 2823 Quo
560 2768 823 2814 chantaiene
847 2768 909 2812 1ee
932 2766 1107 2812 Famae&
1144 2772 1185 2812 et
1222 2769 1285 2811 les
1313 2767 1477 2816 devius,
1506 2766 1618 2810 dam
1638 2779 1707 2811 ces
1731 2772 1869 2823 tempe
1911 2770 1971 2810 οὑ
2003 2778 2223 2823 personne

364 2852 540 2901 n’avait
559 2858 722 2901 eucine
747 2857 808 2902 les
828 2861 1035 2900 commeta
1060 2853 1229 2898 habites
1249 2867 1338 2910 par
1373 2855 1434 2899 les
1453 2854 1617 2909 Muses,
1655 2857 1714 2899 οὑ
1747 2853 1843 2899 l'on
1867 2866 1923 2899 ne
1951 2853 2222 2898 recherchait

361 2944 493 3004 point
515 2954 668 2987 encore
704 2943 766 2988 les
792 2943 945 2999 grace:
967 2941 1020 2986 de
1042 2943 1091 2986 1a
1107 2941 1274 2986 diction
1290 2954 1312 2999 ,·
1339 2947 1475 2987 avant
1495 2955 1543 2987 ce
1568 2940 1692 2999 poete
1699 2971 1797 2998 .....

367 3033 440 3082 dit
452 3032 640 3081 Ennius
659 3045 720 3080 en
739 3032 937 3094 pai-lant
957 3031 1015 3079 de
1042 3030 1294 3079 lui-meme
1315 3053 1330 3098 3
1355 3039 1404 3079 et
1426 3031 1478 3079 la
1505 3031 1671 3079 venite
1695 3044 1756 3078 ne
1773 3030 1847 3078 lui
1873 3029 1964 3077 fait
1983 3031 2089 3078 rien
2116 3030 2221 3076 dire

367 3122 426 3173 de
447 3130 574 3184 trop,
596 3134 681 3170 car
699 3121 738 3169 il
760 3134 820 3169 en
847 3128 920 3168 eet
950 3119 1194 3168 vraiment
1215 3119 1361 3167 ainsi.
1385 3119 1522 3170 Nous
1554 3133 1710 3168 avone
1746 3133 1842 3167 une
1857 3120 2042 3178 Odym'e
2069 3117 2219 3165 latine

367 3211 426 3260 de
444 3210 612 3260 Livius
633 3211 943 3259 Andronicus
972 3212 1058 3273 qui
1083 3209 1342 3258 ressemble
1371 3211 1401 3256 a
1435 3224 1501 3257 nn
1531 3223 1746 3271 ouvrage
1768 3208 1826 3255 de
1854 3207 2055 3265 Dedale‚
2079 3220 2127 3254 et
2149 3208 2216 3252 les

365 3300 522 3364 piccee
546 3298 872 3364 dramatiques
887 3299 951 3346 du
974 3298 1129 3346 meme
1148 3306 1323 3346 auteur
1336 3312 1397 3345 ne
1418 3303 1625 3359 peuvent
1642 3296 1790 3358 guero
1803 3297 1903 3342 etre
1921 3295 2024 3342 lues
2038 3292 2218 3354 qu’une

367 3385 479 3436 fois.
505 3386 589 3449 Or,
609 3387 774 3436 Livius
809 3392 882 3435 eat
910 3387 957 3435 le
988 3386 1193 3449 premier
1217 3385 1302 3449 qui
1328 3383 1398 3432 ait
1426 3383 1587 3432 donne?
1616 3386 1646 3431 a
1671 3382 1821 3431 Rome
1848 3381 1928 3430 des
1970 3382 2121 3443 picces
2155 3381 2218 3428 de

367 3472 570 3522 theatra.
596 3475 659 3525 Ge
682 3476 755 3522 fut.
774 3490 888 3524 eone
908 3475 954 3523 le
972 3475 1194 3524 consulat
1217 3473 1274 3521 de
1287 3472 1607 3528 C-Claudiue‚
1625 3471 1706 3519 file
1720 3470 1777 3518 de
1793 3469 2215 3539 Claudiuscecus,
