2592 4084
258 469 326 481 --
349 442 476 489 Tum
499 441 709 501 Atticus,

259 511 482 555 venimus
506 507 565 553 ad
588 516 653 565 te,
679 507 855 571 inquit,

259 590 314 622 eo
335 588 501 620 ammo

261 649 314 687 ut
338 640 593 686 silentium
616 646 739 686 esset

259 706 317 753 de
340 705 610 767 republica,

257 782 308 819 et
320 771 604 821 audiremus
627 769 810 830 aliquid
835 785 895 815 ex
920 776 966 815 te

256 837 425 900 potius
448 851 592 897 quam
623 834 928 882 afficeremus
950 843 999 883 te

256 905 365 951 ulla
391 903 626 950 molestia.

256 994 323 1004 —
346 967 477 1016 Vero
510 983 610 1024 vos,
644 967 866 1030 inquam,

259 1034 438 1090 Attice,

254 1105 307 1148 et
325 1099 497 1146 levatis
519 1112 638 1145 cura

259 1179 337 1212 me
361 1171 658 1226 praesentem,
698 1170 747 1210 et.
769 1161 967 1211 dedistis

258 1232 438 1278 solatia
459 1243 639 1292 magna
660 1229 872 1290 absenti3

261 1311 375 1343 nam
400 1306 640 1343 recreatus
662 1296 878 1358 primum

261 1361 435 1409 vestris
455 1362 651 1419 litteris,

262 1428 483 1476 revocavi
513 1442 589 1473 me

259 1494 324 1540 ad
351 1491 510 1540 studia
532 1492 755 1552 pristina.

260 1584 322 1595 —
345 1558 468 1605 Tum
493 1559 594 1615 ille,
617 1557 735 1620 legi,
760 1557 938 1620 inquit,

260 1623 568 1687 pei-lubenter
590 1623 842 1686 epistolam

261 1705 409 1751 quam
436 1689 620 1737 Brutus
641 1690 779 1737 misit
799 1688 864 1736 ad
888 1695 934 1737 te

255 1771 320 1803 ex
343 1756 479 1812 Asia,

260 1836 358 1883 qua
380 1821 511 1868 visus
534 1828 607 1868 est
630 1820 752 1868 mihi

259 1895 309 1935 et
329 1900 527 1934 mouere
548 1893 594 1933 te
619 1886 898 1948 prudenter,

260 1960 308 2000 et
335 1951 580 2000 consolari
600 1950 910 1998 amicissime.

261 2043 320 2054 —
339 2017 494 2066 Visus
511 2025 583 2064 est
604 2025 749 2073 recte,
768 2017 997 2079 inquam3

260 2098 377 2131 nam
402 2083 527 2130 scito
552 2095 630 2128 me

258 2156 539 2197 revocatum
565 2162 666 2195 esse

260 2214 339 2262 his
361 2215 538 2262 litteris
563 2221 793 2275 tanquam

259 2281 323 2327 ad
347 2282 504 2328 lucem
530 2279 890 2341 adspiciendam

258 2360 322 2393 ex
345 2345 711 2408 perturbatione
738 2344 930 2396 diutina

217 2432 224 2438 ·
260 2413 413 2460 totius
434 2410 736 2459 valitudinis.

259 2480 448 2538 Atque,
474 2487 529 2523 ut

262 2553 375 2605 post
396 2542 723 2591 calamitatem

258 2609 569 2657 Cannensem

258 2670 469 2737 populus
490 2673 741 2722 Romanus

259 2742 417 2787 erexit
440 2754 489 2786 se
507 2740 720 2802 primum

259 2806 433 2867 praelio
465 2805 687 2854 Marcelli
712 2804 776 2852 ad
796 2804 973 2855 Nolam
990 2842 1007 2867 ,

260 2880 524 2933 posteaque
543 2884 620 2918 res
643 2886 887 2934 prosperae

261 2937 433 2986 multae
459 2936 680 3000 deinceps

261 3014 541 3052 consecuta
565 3013 709 3059 sunt;

262 3069 336 3116 sic
371 3077 482 3132 post
516 3083 658 3116 casus
695 3069 1010 3133 gravissimos

263 3142 543 3182 nostrarum
572 3150 737 3182 rerum

262 3209 313 3247 et
334 3201 688 3258 communium,

264 3265 395 3313 nihil
419 3265 600 3314 accidit
624 3266 747 3315 mihi

268 3337 384 3378 ante
404 3333 656 3394 epistolum
674 3333 836 3393 Bruti,

272 3396 402 3458 quod
428 3398 619 3457 vellem,

275 3469 364 3511 aut
397 3463 524 3525 quod
546 3465 780 3514 allevaret

1047 325 1317 383 saurus<
2040 317 2112 372 13

1054 469 1122 480 —
1135 442 1281 488 Alors
1303 441 1513 499 Atticus,

1054 521 1178 553 nous
1201 520 1408 552 sommes
1433 521 1580 554 venus
1605 507 1719 555 ehez
1751 509 1833 565 toi,
1861 505 2019 567 dit-il,

1057 570 1180 619 dans
1204 581 1329 618 cette
1354 572 1589 620 intention

1055 652 1178 699 pour
1197 652 1289 699 que
1313 637 1490 685 silence
1512 638 1754 701 fut-garde

1054 717 1141 750 sur
1167 704 1216 751 la
1241 702 1495 765 politique,

1053 776 1101 817 et
1116 784 1237 828 pour
1259 768 1487 815 entendre
1512 770 1713 831 quelque
1739 771 1881 820 chose
1907 774 1963 822 de
1991 775 2059 822 toi

1052 835 1214 896 plutsst
1241 849 1333 895 que
1356 849 1476 893 pour
1491 837 1708 882 accabler
1730 839 1796 883 toi
1871 894 1874 901 .

1055 900 1115 948 de
1135 900 1341 961 quelque
1359 900 1581 962 chagrin.

1051 992 1119 1002 —
1141 967 1267 1013 Mais
1289 981 1425 1023 vous,
1457 966 1624 1030 dis-je,

1053 1032 1261 1092 Atticus,

1053 1105 1102 1145 et
1128 1113 1244 1145 vous
1269 1097 1497 1158 soulagez
1522 1096 1581 1144 de
1611 1096 1794 1144 l’ennui

1052 1165 1151 1211 moi
1172 1165 1381 1225 present,
1409 1174 1459 1209 et
1476 1178 1596 1211 vous
1614 1177 1731 1209 avez
1762 1163 1923 1214 donne

1054 1228 1136 1276 des
1159 1229 1487 1276 consolatione
1509 1229 1719 1293 grandes
1739 1233 1767 1274 ἀ
1792 1236 1885 1277 moi
1907 1231 2105 1280 absent·

1053 1309 1137 1342 car
1160 1296 1349 1343 ranime
1373 1294 1573 1342 d’abord

1054 1375 1140 1421 par
1163 1375 1248 1407 vos
1281 1361 1462 1414 lettres,

1049 1428 1138 1485 j’ai
1162 1427 1354 1488 rappele
1372 1426 1471 1472 moi
1494 1423 1559 1486 (je
1581 1424 1684 1471 suis
1708 1428 1907 1490 revenu)

1054 1494 1083 1538 a
1104 1508 1195 1539 mes
1218 1491 1385 1538 etudes
1408 1490 1678 1553 premieres.

1053 1560 1273 1604 -Alors
1297 1557 1388 1611 lui,
1410 1556 1498 1617 j'ai
1524 1556 1593 1612 lu,
1621 1555 1773 1616 dit-il,

1053 1624 1439 1670 tres-volontiers
1461 1622 1513 1670 la
1534 1622 1674 1668 lettre

1052 1704 1145 1750 que
1167 1688 1354 1736 Brutus
1377 1704 1408 1735 a
1430 1688 1639 1748 envoyee
1662 1688 1691 1732 ὲ.
1708 1687 1777 1734 toi

1052 1755 1232 1809 d’Asie‚

1053 1820 1173 1867 dans
1196 1819 1409 1880 laquelle
1430 1819 1469 1867 il
1492 1833 1522 1866 a
1544 1832 1667 1879 paru
1690 1818 1720 1865 a
1750 1819 1851 1866 moi

1053 1894 1102 1932 et
1122 1886 1304 1932 avertit
1337 1886 1406 1932 toi
1439 1888 1692 1946 sagement

1055 1958 1102 1998 et
1124 1959 1165 1998 ee
1187 1951 1408 1999 consoler
1426 1948 1909 1998 tres-amicalement.

1056 2042 1120 2052 —
1152 2016 1194 2063 Il
1224 2030 1254 2062 a
1284 2032 1406 2078 paru
1440 2029 1553 2065 avec
1581 2015 1765 2072 raison,
1793 2014 1962 2078 dis-je3

1057 2097 1141 2129 car
1159 2082 1304 2130 sache
1328 2082 1425 2129 moi

1057 2150 1191 2196 avoir
1218 2150 1291 2196 ete
1313 2148 1507 2210 rappele

1058 2229 1146 2276 par
1168 2223 1291 2261 cette
1309 2215 1449 2261 lettre
1471 2212 1918 2274 eri-quelque-sorte

1058 2283 1089 2328 a
1116 2280 1165 2326 la
1184 2279 1385 2328 lumiere
1407 2279 1829 2329 devant-etre-vue

1059 2347 1196 2406 apres
1218 2361 1315 2393 une
1332 2346 1666 2408 perturbation
1691 2343 1950 2408 prolongee

1060 2412 1119 2458 de
1136 2420 1268 2459 toute
1286 2413 1337 2458 la
1359 2413 1511 2458 sante.

1059 2477 1138 2534 Et,
1172 2477 1230 2524 de
1256 2481 1411 2525 meme
1436 2491 1527 2538 que

1059 2544 1198 2605 apres
1217 2544 1262 2591 le
1286 2543 1495 2591 desastre

1060 2608 1118 2656 de
1145 2608 1353 2662 cannes.

1060 2673 1107 2721 le
1130 2675 1300 2737 peuple
1318 2675 1508 2723 romain

1061 2741 1220 2788 releva
1242 2742 1315 2789 soi
1337 2741 1509 2804 (reprit
1529 2740 1762 2803 cour-age)
1787 2740 1986 2788 d’abord

1063 2820 1152 2868 par
1173 2806 1220 2854 le
1239 2807 1434 2854 combat
1456 2806 1514 2854 de
1537 2805 1803 2854 Marcellus
1822 2810 1852 2853 a
1868 2807 1915 2855 N
1917 2807 2011 2865 ole,

1063 2880 1110 2918 et
1131 2873 1289 2934 apres,
1316 2872 1397 2920 des
1420 2874 1726 2919 evenements
1755 2873 1974 2921 heureux

1063 2939 1336 2986 nombreux
1363 2938 1766 2987 successivement

1063 3004 1328 3061 suivirent3

1062 3071 1203 3128 ainsi,
1241 3071 1378 3131 apr'es
1402 3069 1474 3116 les
1509 3069 1757 3117 malheurs
1788 3070 2117 3135 tres-penibles

1066 3133 1122 3181 de
1144 3151 1232 3182 nos
1256 3134 1446 3197 affair-es
1473 3135 1794 3198 domestiques

1063 3209 1111 3248 et
1133 3204 1204 3248 dos
1221 3204 1399 3262 affair-es
1418 3201 1688 3263 publiques,

1063 3268 1169 3314 rien
1195 3268 1319 3314 n’est
1339 3268 1496 3314 arrive
1522 3268 1552 3314 a
1568 3269 1667 3315 moi

1065 3345 1212 3380 avant
1234 3333 1284 3380 la
1306 3335 1447 3381 lettre
1471 3332 1529 3379 de
1548 3333 1751 3391 Brutus,

1066 3413 1158 3459 que
1179 3400 1228 3462 je
1252 3400 1569 3456 souhaitasse,
1773 3402 1778 3405 '

1068 3479 1132 3512 ou
1156 3467 1241 3526 qui
1265 3466 1473 3529 allegem
