<?xml version="1.0" encoding="UTF-8"?>
<!DOCTYPE html PUBLIC "-//W3C//DTD XHTML 1.0 Transitional//EN"
    "http://www.w3.org/TR/xhtml1/DTD/xhtml1-transitional.dtd">
<html xmlns="http://www.w3.org/1999/xhtml" xml:lang="en" lang="en">
 <head>
  <title>
</title>
<meta http-equiv="Content-Type" content="text/html;charset=utf-8" />
  <meta name='ocr-system' content='tesseract 3.04.00' />
  <meta name='ocr-capabilities' content='ocr_page ocr_carea ocr_par ocr_line ocrx_word'/>
</head>
<body>
  <div class='ocr_page' id='page_1' title='image "./brutus03cicegoog/brutus03cicegoog_0290.png"; bbox 0 0 2592 4084; ppageno 0'>
   <div class='ocr_carea' id='block_1_1' title="bbox 387 414 1436 471">
    <p class='ocr_par' dir='ltr' id='par_1_1' title="bbox 387 414 1436 471">
     <span class='ocr_line' id='line_1_1' title="bbox 387 414 1436 471; baseline -0.007 0"><span class='ocrx_word' id='word_1_1' title='bbox 387 414 508 471; x_wconf 76' lang='lat'><strong>2¹78</strong></span> <span class='ocrx_word' id='word_1_2' title='bbox 1170 420 1436 466; x_wconf 64' lang='lat' dir='ltr'><strong>neurus.</strong></span> 
     </span>
    </p>
   </div>
   <div class='ocr_carea' id='block_1_2' title="bbox 376 533 2240 1967">
    <p class='ocr_par' dir='ltr' id='par_1_2' title="bbox 376 533 2240 1674">
     <span class='ocr_line' id='line_1_2' title="bbox 384 533 2217 611; baseline -0.006 -14"><span class='ocrx_word' id='word_1_3' title='bbox 384 545 632 611; x_wconf 90' lang='lat' dir='ltr'><strong>tempore</strong></span> <span class='ocrx_word' id='word_1_4' title='bbox 654 538 795 608; x_wconf 90' lang='lat' dir='ltr'><strong>ipso,</strong></span> <span class='ocrx_word' id='word_1_5' title='bbox 824 551 996 609; x_wconf 89' lang='lat' dir='ltr'><strong>quum</strong></span> <span class='ocrx_word' id='word_1_6' title='bbox 1013 535 1196 609; x_wconf 84' lang='lat' dir='ltr'><strong>liceat,</strong></span> <span class='ocrx_word' id='word_1_7' title='bbox 1222 537 1280 591; x_wconf 92' lang='lat' dir='ltr'><strong>in</strong></span> <span class='ocrx_word' id='word_1_8' title='bbox 1303 537 1408 593; x_wconf 89' lang='lat' dir='ltr'><strong>hoc</strong></span> <span class='ocrx_word' id='word_1_9' title='bbox 1445 533 1725 592; x_wconf 91' lang='lat' dir='ltr'><strong>communi</strong></span> <span class='ocrx_word' id='word_1_10' title='bbox 1757 537 1946 589; x_wconf 89' lang='lat' dir='ltr'><strong>nostro</strong></span> <span class='ocrx_word' id='word_1_11' title='bbox 1984 537 2039 588; x_wconf 87' lang='lat' dir='ltr'><strong>et</strong></span> <span class='ocrx_word' id='word_1_12' title='bbox 2071 547 2217 603; x_wconf 88' lang='lat' dir='ltr'><strong>quas</strong></span> 
     </span>
     <span class='ocr_line' id='line_1_3' title="bbox 384 630 2229 706; baseline -0.006 -12"><span class='ocrx_word' id='word_1_13' title='bbox 384 637 538 694; x_wconf 83' lang='lat' dir='ltr'><strong>fatali</strong></span> <span class='ocrx_word' id='word_1_14' title='bbox 568 634 735 706; x_wconf 84' lang='lat' dir='ltr'><strong>malo,</strong></span> <span class='ocrx_word' id='word_1_15' title='bbox 762 633 1078 690; x_wconf 85' lang='lat' dir='ltr'><strong>consoletur</strong></span> <span class='ocrx_word' id='word_1_16' title='bbox 1103 649 1161 689; x_wconf 91' lang='lat' dir='ltr'><strong>se</strong></span> <span class='ocrx_word' id='word_1_17' title='bbox 1192 649 1365 705; x_wconf 89' lang='lat' dir='ltr'><strong>quum</strong></span> <span class='ocrx_word' id='word_1_18' title='bbox 1392 631 1730 688; x_wconf 87' lang='lat' dir='ltr'><strong>conscientia</strong></span> <span class='ocrx_word' id='word_1_19' title='bbox 1756 630 1979 701; x_wconf 74' lang='lat' dir='ltr'><strong>optimae</strong></span> <span class='ocrx_word' id='word_1_20' title='bbox 2003 631 2229 701; x_wconf 80' lang='lat' dir='ltr'><strong>mentis,</strong></span> 
     </span>
     <span class='ocr_line' id='line_1_4' title="bbox 382 727 2237 803; baseline -0.005 -13"><span class='ocrx_word' id='word_1_21' title='bbox 382 741 503 790; x_wconf 88' lang='lat' dir='ltr'><strong>tum</strong></span> <span class='ocrx_word' id='word_1_22' title='bbox 525 734 692 789; x_wconf 89' lang='lat' dir='ltr'><strong>etiam</strong></span> <span class='ocrx_word' id='word_1_23' title='bbox 717 732 1073 803; x_wconf 82' lang='lat' dir='ltr'><strong>usurpatione</strong></span> <span class='ocrx_word' id='word_1_24' title='bbox 1115 736 1172 786; x_wconf 85' lang='lat' dir='ltr'><strong>et</strong></span> <span class='ocrx_word' id='word_1_25' title='bbox 1202 730 1553 787; x_wconf 80' lang='lat' dir='ltr'><strong>renovatione</strong></span> <span class='ocrx_word' id='word_1_26' title='bbox 1593 729 1880 785; x_wconf 84' lang='lat' dir='ltr'><strong>doctrinae.</strong></span> <span class='ocrx_word' id='word_1_27' title='bbox 1911 728 2037 783; x_wconf 89' lang='lat' dir='ltr'><strong>Vidi</strong></span> <span class='ocrx_word' id='word_1_28' title='bbox 2079 727 2237 784; x_wconf 89' lang='lat' dir='ltr'><strong>enim</strong></span> 
     </span>
     <span class='ocr_line' id='line_1_5' title="bbox 383 826 2232 901; baseline -0.002 -15"><span class='ocrx_word' id='word_1_29' title='bbox 383 830 663 901; x_wconf 79' lang='lat' dir='ltr'><strong>Mitylenis</strong></span> <span class='ocrx_word' id='word_1_30' title='bbox 700 845 876 901; x_wconf 86' lang='lat' dir='ltr'><strong>nuper</strong></span> <span class='ocrx_word' id='word_1_31' title='bbox 915 829 1123 899; x_wconf 84' lang='lat' dir='ltr'><strong>virum,</strong></span> <span class='ocrx_word' id='word_1_32' title='bbox 1155 833 1347 901; x_wconf 88' lang='lat' dir='ltr'><strong>atque,</strong></span> <span class='ocrx_word' id='word_1_33' title='bbox 1386 832 1447 882; x_wconf 93' lang='lat' dir='ltr'><strong>ut</strong></span> <span class='ocrx_word' id='word_1_34' title='bbox 1487 826 1619 897; x_wconf 84' lang='lat' dir='ltr'><strong>dixi,</strong></span> <span class='ocrx_word' id='word_1_35' title='bbox 1647 826 1766 883; x_wconf 84' lang='lat' dir='ltr'><strong>vidi</strong></span> <span class='ocrx_word' id='word_1_36' title='bbox 1813 826 1975 898; x_wconf 90' lang='lat' dir='ltr'><strong>plane</strong></span> <span class='ocrx_word' id='word_1_37' title='bbox 2017 827 2232 883; x_wconf 82' lang='lat' dir='ltr'><strong>virum.</strong></span> 
     </span>
     <span class='ocr_line' id='line_1_6' title="bbox 382 921 2236 999; baseline -0.001 -18"><span class='ocrx_word' id='word_1_38' title='bbox 382 928 569 999; x_wconf 87' lang='lat' dir='ltr'><strong>Itaque</strong></span> <span class='ocrx_word' id='word_1_39' title='bbox 593 943 764 999; x_wconf 91' lang='lat' dir='ltr'><strong>quum</strong></span> <span class='ocrx_word' id='word_1_40' title='bbox 786 942 915 982; x_wconf 89' lang='lat' dir='ltr'><strong>eum</strong></span> <span class='ocrx_word' id='word_1_41' title='bbox 934 930 1095 982; x_wconf 87' lang='lat' dir='ltr'><strong>antea</strong></span> <span class='ocrx_word' id='word_1_42' title='bbox 1118 925 1200 979; x_wconf 90' lang='lat' dir='ltr'><strong>tui</strong></span> <span class='ocrx_word' id='word_1_43' title='bbox 1222 922 1463 979; x_wconf 88' lang='lat' dir='ltr'><strong>similem</strong></span> <span class='ocrx_word' id='word_1_44' title='bbox 1491 922 1549 977; x_wconf 91' lang='lat' dir='ltr'><strong>in</strong></span> <span class='ocrx_word' id='word_1_45' title='bbox 1569 921 1799 979; x_wconf 90' lang='lat' dir='ltr'><strong>dicendo</strong></span> <span class='ocrx_word' id='word_1_46' title='bbox 1817 922 2080 993; x_wconf 84' lang='lat' dir='ltr'><strong>viderim,</strong></span> <span class='ocrx_word' id='word_1_47' title='bbox 2111 929 2236 979; x_wconf 89' lang='lat' dir='ltr'><strong>tum</strong></span> 
     </span>
     <span class='ocr_line' id='line_1_7' title="bbox 379 1020 2239 1093; baseline -0.002 -13"><span class='ocrx_word' id='word_1_48' title='bbox 379 1041 512 1080; x_wconf 82' lang='lat' dir='ltr'><strong>vero</strong></span> <span class='ocrx_word' id='word_1_49' title='bbox 540 1041 684 1080; x_wconf 92' lang='lat' dir='ltr'><strong>nunc</strong></span> <span class='ocrx_word' id='word_1_50' title='bbox 720 1040 754 1080; x_wconf 89' lang='lat' dir='ltr'><strong>a</strong></span> <span class='ocrx_word' id='word_1_51' title='bbox 793 1023 1112 1080; x_wconf 81' lang='lat' dir='ltr'><strong>doctissimo</strong></span> <span class='ocrx_word' id='word_1_52' title='bbox 1141 1023 1284 1090; x_wconf 86' lang='lat' dir='ltr'><strong>viro,</strong></span> <span class='ocrx_word' id='word_1_53' title='bbox 1326 1020 1559 1093; x_wconf 87' lang='lat' dir='ltr'><strong>tibique,</strong></span> <span class='ocrx_word' id='word_1_54' title='bbox 1601 1024 1666 1075; x_wconf 95' lang='lat' dir='ltr'><strong>ut</strong></span> <span class='ocrx_word' id='word_1_55' title='bbox 1701 1020 1970 1091; x_wconf 84' lang='lat' dir='ltr'><strong>intellexi,</strong></span> <span class='ocrx_word' id='word_1_56' title='bbox 2012 1021 2239 1077; x_wconf 87' lang='lat' dir='ltr'><strong>amicis·</strong></span> 
     </span>
     <span class='ocr_line' id='line_1_8' title="bbox 381 1117 2240 1194; baseline -0.001 -18"><span class='ocrx_word' id='word_1_57' title='bbox 381 1121 545 1194; x_wconf 91' lang='lat' dir='ltr'><strong>simo,</strong></span> <span class='ocrx_word' id='word_1_58' title='bbox 574 1121 852 1192; x_wconf 83' lang='lat' dir='ltr'><strong>Cratippo,</strong></span> <span class='ocrx_word' id='word_1_59' title='bbox 886 1122 1219 1176; x_wconf 88' lang='lat' dir='ltr'><strong>instructum</strong></span> <span class='ocrx_word' id='word_1_60' title='bbox 1247 1118 1400 1173; x_wconf 92' lang='lat' dir='ltr'><strong>omni</strong></span> <span class='ocrx_word' id='word_1_61' title='bbox 1423 1118 1602 1189; x_wconf 90' lang='lat' dir='ltr'><strong>copia,</strong></span> <span class='ocrx_word' id='word_1_62' title='bbox 1643 1117 1815 1172; x_wconf 83' lang='lat' dir='ltr'><strong>multo</strong></span> <span class='ocrx_word' id='word_1_63' title='bbox 1854 1117 2119 1174; x_wconf 88' lang='lat' dir='ltr'><strong>videbam</strong></span> <span class='ocrx_word' id='word_1_64' title='bbox 2158 1120 2240 1174; x_wconf 90' lang='lat' dir='ltr'><strong>si·</strong></span> 
     </span>
     <span class='ocr_line' id='line_1_9' title="bbox 377 1215 2234 1290; baseline -0.001 -16"><span class='ocrx_word' id='word_1_65' title='bbox 377 1219 673 1275; x_wconf 88' lang='lat' dir='ltr'><strong>miliorem.</strong></span> <span class='ocrx_word' id='word_1_66' title='bbox 694 1250 766 1260; x_wconf 90' lang='lat'><strong>—</strong></span> <span class='ocrx_word' id='word_1_67' title='bbox 794 1219 894 1273; x_wconf 90' lang='lat' dir='ltr'><strong>Hic</strong></span> <span class='ocrx_word' id='word_1_68' title='bbox 923 1233 1048 1289; x_wconf 84' lang='lat' dir='ltr'><strong>ego,</strong></span> <span class='ocrx_word' id='word_1_69' title='bbox 1080 1218 1211 1287; x_wconf 86' lang='lat' dir='ltr'><strong>Etsi,</strong></span> <span class='ocrx_word' id='word_1_70' title='bbox 1235 1217 1480 1289; x_wconf 89' lang='lat' dir='ltr'><strong>inquam,</strong></span> <span class='ocrx_word' id='word_1_71' title='bbox 1509 1215 1578 1272; x_wconf 89' lang='lat' dir='ltr'><strong>de</strong></span> <span class='ocrx_word' id='word_1_72' title='bbox 1603 1216 1795 1289; x_wconf 90' lang='lat' dir='ltr'><strong>optimi</strong></span> <span class='ocrx_word' id='word_1_73' title='bbox 1820 1216 1926 1272; x_wconf 86' lang='lat' dir='ltr'><strong>viri</strong></span> <span class='ocrx_word' id='word_1_74' title='bbox 1955 1218 2234 1290; x_wconf 83' lang='lat' dir='ltr'><strong>nobisque</strong></span> 
     </span>
     <span class='ocr_line' id='line_1_10' title="bbox 378 1312 2237 1383; baseline -0.002 -12"><span class='ocrx_word' id='word_1_75' title='bbox 378 1316 699 1372; x_wconf 80' lang='lat' dir='ltr'><strong>amicissimi</strong></span> <span class='ocrx_word' id='word_1_76' title='bbox 731 1314 990 1371; x_wconf 86' lang='lat' dir='ltr'><strong>laudibus</strong></span> <span class='ocrx_word' id='word_1_77' title='bbox 1018 1312 1273 1369; x_wconf 87' lang='lat' dir='ltr'><strong>lubenter</strong></span> <span class='ocrx_word' id='word_1_78' title='bbox 1315 1312 1502 1383; x_wconf 89' lang='lat' dir='ltr'><strong>audi0,</strong></span> <span class='ocrx_word' id='word_1_79' title='bbox 1533 1317 1719 1367; x_wconf 90' lang='lat' dir='ltr'><strong>tamen</strong></span> <span class='ocrx_word' id='word_1_80' title='bbox 1757 1312 1977 1368; x_wconf 88' lang='lat' dir='ltr'><strong>incurro</strong></span> <span class='ocrx_word' id='word_1_81' title='bbox 2014 1313 2071 1366; x_wconf 90' lang='lat' dir='ltr'><strong>in</strong></span> <span class='ocrx_word' id='word_1_82' title='bbox 2115 1330 2237 1368; x_wconf 89' lang='lat' dir='ltr'><strong>me-</strong></span> 
     </span>
     <span class='ocr_line' id='line_1_11' title="bbox 376 1407 2235 1481; baseline -0.001 -15"><span class='ocrx_word' id='word_1_83' title='bbox 376 1411 613 1467; x_wconf 86' lang='lat' dir='ltr'><strong>moriam</strong></span> <span class='ocrx_word' id='word_1_84' title='bbox 639 1410 1015 1466; x_wconf 91' lang='lat' dir='ltr'><strong>communium</strong></span> <span class='ocrx_word' id='word_1_85' title='bbox 1045 1408 1417 1481; x_wconf 74' lang='lat' dir='ltr'><strong>miseriarum,</strong></span> <span class='ocrx_word' id='word_1_86' title='bbox 1447 1423 1682 1480; x_wconf 86' lang='lat' dir='ltr'><strong>quarum</strong></span> <span class='ocrx_word' id='word_1_87' title='bbox 1712 1407 2045 1465; x_wconf 85' lang='lat' dir='ltr'><strong>oblivionem</strong></span> <span class='ocrx_word' id='word_1_88' title='bbox 2070 1425 2235 1480; x_wconf 84' lang='lat' dir='ltr'><strong>quae-</strong></span> 
     </span>
     <span class='ocr_line' id='line_1_12' title="bbox 376 1503 2225 1579; baseline -0.001 -17"><span class='ocrx_word' id='word_1_89' title='bbox 376 1524 526 1578; x_wconf 87' lang='lat' dir='ltr'><strong>rens,</strong></span> <span class='ocrx_word' id='word_1_90' title='bbox 553 1507 700 1562; x_wconf 89' lang='lat' dir='ltr'><strong>hunc</strong></span> <span class='ocrx_word' id='word_1_91' title='bbox 722 1507 907 1579; x_wconf 90' lang='lat' dir='ltr'><strong>ipsum</strong></span> <span class='ocrx_word' id='word_1_92' title='bbox 935 1522 1249 1563; x_wconf 89' lang='lat' dir='ltr'><strong>sermonem</strong></span> <span class='ocrx_word' id='word_1_93' title='bbox 1292 1505 1524 1578; x_wconf 86' lang='lat' dir='ltr'><strong>produxi</strong></span> <span class='ocrx_word' id='word_1_94' title='bbox 1559 1503 1800 1577; x_wconf 77' lang='lat' dir='ltr'><strong>longius,</strong></span> <span class='ocrx_word' id='word_1_95' title='bbox 1837 1505 1945 1560; x_wconf 86' lang='lat' dir='ltr'><strong>Sed</strong></span> <span class='ocrx_word' id='word_1_96' title='bbox 1983 1506 2051 1560; x_wconf 89' lang='lat' dir='ltr'><strong>de</strong></span> <span class='ocrx_word' id='word_1_97' title='bbox 2103 1506 2225 1560; x_wconf 88' lang='lat' dir='ltr'><strong>Cae·</strong></span> 
     </span>
     <span class='ocr_line' id='line_1_13' title="bbox 378 1600 1833 1674; baseline -0.003 -15"><span class='ocrx_word' id='word_1_98' title='bbox 378 1619 501 1659; x_wconf 87' lang='lat' dir='ltr'><strong>sare</strong></span> <span class='ocrx_word' id='word_1_99' title='bbox 526 1601 688 1674; x_wconf 92' lang='lat' dir='ltr'><strong>cupio</strong></span> <span class='ocrx_word' id='word_1_100' title='bbox 717 1602 931 1672; x_wconf 84' lang='lat' dir='ltr'><strong>audire,</strong></span> <span class='ocrx_word' id='word_1_101' title='bbox 959 1602 1094 1673; x_wconf 86' lang='lat' dir='ltr'><strong>quid</strong></span> <span class='ocrx_word' id='word_1_102' title='bbox 1123 1601 1350 1657; x_wconf 88' lang='lat' dir='ltr'><strong>tandem</strong></span> <span class='ocrx_word' id='word_1_103' title='bbox 1376 1600 1588 1656; x_wconf 87' lang='lat' dir='ltr'><strong>Atticus</strong></span> <span class='ocrx_word' id='word_1_104' title='bbox 1603 1600 1833 1672; x_wconf 88' lang='lat' dir='ltr'><strong>judicet.</strong></span> 
     </span>
    </p>

    <p class='ocr_par' dir='ltr' id='par_1_3' title="bbox 378 1697 2228 1967">
     <span class='ocr_line' id='line_1_14' title="bbox 445 1697 2228 1771; baseline -0.002 -14"><span class='ocrx_word' id='word_1_105' title='bbox 445 1702 649 1757; x_wconf 88' lang='lat' dir='ltr'>LXXII.</span> <span class='ocrx_word' id='word_1_106' title='bbox 685 1731 745 1740; x_wconf 90' lang='lat'>—</span> <span class='ocrx_word' id='word_1_107' title='bbox 777 1703 843 1754; x_wconf 88' lang='lat' dir='ltr'><strong>Et</strong></span> <span class='ocrx_word' id='word_1_108' title='bbox 863 1699 978 1769; x_wconf 90' lang='lat' dir='ltr'><strong>ille,</strong></span> <span class='ocrx_word' id='word_1_109' title='bbox 1007 1698 1302 1769; x_wconf 80' lang='lat' dir='ltr'><strong>Praeclare,</strong></span> <span class='ocrx_word' id='word_1_110' title='bbox 1327 1697 1526 1770; x_wconf 86' lang='lat' dir='ltr'><strong>inquit,</strong></span> <span class='ocrx_word' id='word_1_111' title='bbox 1554 1697 1656 1752; x_wconf 90' lang='lat' dir='ltr'><strong>tibi</strong></span> <span class='ocrx_word' id='word_1_112' title='bbox 1680 1703 1920 1769; x_wconf 80' lang='lat' dir='ltr'><strong>constaS,</strong></span> <span class='ocrx_word' id='word_1_113' title='bbox 1950 1702 2012 1753; x_wconf 92' lang='lat' dir='ltr'><strong>ut</strong></span> <span class='ocrx_word' id='word_1_114' title='bbox 2036 1697 2106 1753; x_wconf 95' lang='lat' dir='ltr'><strong>de</strong></span> <span class='ocrx_word' id='word_1_115' title='bbox 2134 1698 2228 1771; x_wconf 91' lang='lat' dir='ltr'><strong>iis,</strong></span> 
     </span>
     <span class='ocr_line' id='line_1_15' title="bbox 378 1770 2224 1867; baseline 0 -17"><span class='ocrx_word' id='word_1_116' title='bbox 378 1798 470 1867; x_wconf 87' lang='lat' dir='ltr'><strong>qui</strong></span> <span class='ocrx_word' id='word_1_117' title='bbox 495 1811 641 1851; x_wconf 89' lang='lat' dir='ltr'><strong>nunc</strong></span> <span class='ocrx_word' id='word_1_118' title='bbox 666 1795 792 1867; x_wconf 89' lang='lat' dir='ltr'><strong>sint,</strong></span> <span class='ocrx_word' id='word_1_119' title='bbox 819 1795 958 1850; x_wconf 90' lang='lat' dir='ltr'><strong>nihil</strong></span> <span class='ocrx_word' id='word_1_120' title='bbox 982 1795 1124 1852; x_wconf 83' lang='lat' dir='ltr'><strong>velis</strong></span> <span class='ocrx_word' id='word_1_121' title='bbox 1148 1795 1267 1866; x_wconf 88' lang='lat' dir='ltr'><strong>ipse</strong></span> <span class='ocrx_word' id='word_1_122' title='bbox 1294 1794 1479 1850; x_wconf 80' lang='lat' dir='ltr'><strong>dicere</strong></span> <span class='ocrx_word' id='word_1_123' title='bbox 1500 1810 1513 1847; x_wconf 74' lang='grc' dir='ltr'><strong><em>ε</em></strong></span> <span class='ocrx_word' id='word_1_124' title='bbox 1534 1799 1589 1849; x_wconf 90' lang='lat' dir='ltr'><strong>et</strong></span> <span class='ocrx_word' id='word_1_125' title='bbox 1610 1770 1808 1850; x_wconf 65' lang='lat' dir='ltr'><strong>hercle</strong></span> <span class='ocrx_word' id='word_1_126' title='bbox 1826 1795 1873 1849; x_wconf 88' lang='lat' dir='ltr'><strong>si</strong></span> <span class='ocrx_word' id='word_1_127' title='bbox 1897 1794 1976 1849; x_wconf 91' lang='lat' dir='ltr'><strong>sic</strong></span> <span class='ocrx_word' id='word_1_128' title='bbox 2003 1811 2224 1865; x_wconf 77' lang='lat' dir='ltr'><strong>agereS,</strong></span> 
     </span>
     <span class='ocr_line' id='line_1_16' title="bbox 382 1891 2228 1967; baseline -0.002 -19"><span class='ocrx_word' id='word_1_129' title='bbox 382 1898 446 1948; x_wconf 89' lang='lat' dir='ltr'><strong>ut</strong></span> <span class='ocrx_word' id='word_1_130' title='bbox 472 1894 540 1949; x_wconf 93' lang='lat' dir='ltr'><strong>de</strong></span> <span class='ocrx_word' id='word_1_131' title='bbox 569 1894 637 1949; x_wconf 92' lang='lat' dir='ltr'><strong>iis</strong></span> <span class='ocrx_word' id='word_1_132' title='bbox 675 1894 854 1965; x_wconf 84' lang='lat' dir='ltr'><strong>egisti,</strong></span> <span class='ocrx_word' id='word_1_133' title='bbox 889 1895 985 1967; x_wconf 90' lang='lat' dir='ltr'><strong>qui</strong></span> <span class='ocrx_word' id='word_1_134' title='bbox 1016 1893 1134 1965; x_wconf 75' lang='lat' dir='ltr'><strong>Jam</strong></span> <span class='ocrx_word' id='word_1_135' title='bbox 1172 1892 1378 1949; x_wconf 89' lang='lat' dir='ltr'><strong>mortui</strong></span> <span class='ocrx_word' id='word_1_136' title='bbox 1416 1896 1560 1964; x_wconf 87' lang='lat' dir='ltr'><strong>sunt,</strong></span> <span class='ocrx_word' id='word_1_137' title='bbox 1592 1891 1870 1947; x_wconf 89' lang='lat' dir='ltr'><strong>neminem</strong></span> <span class='ocrx_word' id='word_1_138' title='bbox 1896 1898 1957 1947; x_wconf 90' lang='lat' dir='ltr'><strong>ut</strong></span> <span class='ocrx_word' id='word_1_139' title='bbox 1993 1898 2228 1963; x_wconf 80' lang='lat' dir='ltr'><strong>praeter-</strong></span> 
     </span>
    </p>
   </div>
   <div class='ocr_carea' id='block_1_3' title="bbox 368 2140 2227 2621">
    <p class='ocr_par' dir='ltr' id='par_1_4' title="bbox 368 2140 2227 2621">
     <span class='ocr_line' id='line_1_17' title="bbox 374 2140 2227 2207; baseline 0.002 -18"><span class='ocrx_word' id='word_1_140' title='bbox 374 2155 468 2189; x_wconf 86' lang='lat' dir='ltr'><strong>une</strong></span> <span class='ocrx_word' id='word_1_141' title='bbox 499 2140 685 2188; x_wconf 71' lang='lat' dir='ltr'><strong>fatalite</strong></span> <span class='ocrx_word' id='word_1_142' title='bbox 703 2140 1061 2200; x_wconf 82' lang='lat' dir='ltr'><strong>malheureuse,</strong></span> <span class='ocrx_word' id='word_1_143' title='bbox 1085 2142 1122 2189; x_wconf 90' lang='lat' dir='ltr'><strong>il</strong></span> <span class='ocrx_word' id='word_1_144' title='bbox 1144 2141 1239 2189; x_wconf 80' lang='lat' dir='ltr'><strong>sait</strong></span> <span class='ocrx_word' id='word_1_145' title='bbox 1255 2157 1307 2190; x_wconf 89' lang='lat' dir='ltr'><strong>se</strong></span> <span class='ocrx_word' id='word_1_146' title='bbox 1323 2144 1546 2191; x_wconf 83' lang='lat' dir='ltr'><strong>consoler</strong></span> <span class='ocrx_word' id='word_1_147' title='bbox 1564 2158 1652 2205; x_wconf 80' lang='lat' dir='ltr'><strong>par</strong></span> <span class='ocrx_word' id='word_1_148' title='bbox 1674 2143 1723 2190; x_wconf 90' lang='lat' dir='ltr'><strong>le</strong></span> <span class='ocrx_word' id='word_1_149' title='bbox 1742 2142 2055 2207; x_wconf 79' lang='lat' dir='ltr'><strong>temoignage</strong></span> <span class='ocrx_word' id='word_1_150' title='bbox 2074 2144 2227 2193; x_wconf 83' lang='lat' dir='ltr'><strong>d’une</strong></span> 
     </span>
     <span class='ocr_line' id='line_1_18' title="bbox 371 2223 2225 2290; baseline 0.002 -18"><span class='ocrx_word' id='word_1_151' title='bbox 371 2225 647 2272; x_wconf 78' lang='lat' dir='ltr'><strong>conscience</strong></span> <span class='ocrx_word' id='word_1_152' title='bbox 673 2238 785 2272; x_wconf 72' lang='lat' dir='ltr'><strong>sans</strong></span> <span class='ocrx_word' id='word_1_153' title='bbox 808 2223 1052 2286; x_wconf 85' lang='lat' dir='ltr'><strong>reproche,</strong></span> <span class='ocrx_word' id='word_1_154' title='bbox 1077 2231 1124 2272; x_wconf 82' lang='lat' dir='ltr'><strong>et</strong></span> <span class='ocrx_word' id='word_1_155' title='bbox 1146 2228 1335 2288; x_wconf 74' lang='lat' dir='ltr'><strong>gomer,</strong></span> <span class='ocrx_word' id='word_1_156' title='bbox 1365 2241 1424 2273; x_wconf 87' lang='lat' dir='ltr'><strong>en</strong></span> <span class='ocrx_word' id='word_1_157' title='bbox 1448 2234 1682 2275; x_wconf 82' lang='lat' dir='ltr'><strong>revenant</strong></span> <span class='ocrx_word' id='word_1_158' title='bbox 1702 2241 1787 2274; x_wconf 87' lang='lat' dir='ltr'><strong>sur</strong></span> <span class='ocrx_word' id='word_1_159' title='bbox 1818 2241 1893 2274; x_wconf 90' lang='lat' dir='ltr'><strong>ses</strong></span> <span class='ocrx_word' id='word_1_160' title='bbox 1912 2227 2074 2275; x_wconf 78' lang='lat' dir='ltr'><strong>etudes</strong></span> <span class='ocrx_word' id='word_1_161' title='bbox 2101 2243 2225 2290; x_wconf 77' lang='lat' dir='ltr'><strong>pas-</strong></span> 
     </span>
     <span class='ocr_line' id='line_1_19' title="bbox 369 2309 2217 2374; baseline 0 -17"><span class='ocrx_word' id='word_1_162' title='bbox 369 2312 487 2367; x_wconf 74' lang='lat' dir='ltr'><strong>sees‚</strong></span> <span class='ocrx_word' id='word_1_163' title='bbox 517 2310 575 2357; x_wconf 91' lang='lat' dir='ltr'><strong>de</strong></span> <span class='ocrx_word' id='word_1_164' title='bbox 597 2309 764 2358; x_wconf 83' lang='lat' dir='ltr'><strong>nobles</strong></span> <span class='ocrx_word' id='word_1_165' title='bbox 788 2310 1104 2374; x_wconf 76' lang='lat' dir='ltr'><strong>Jouissances.</strong></span> <span class='ocrx_word' id='word_1_166' title='bbox 1137 2309 1236 2359; x_wconf 76' lang='lat' dir='ltr'><strong>J’ai</strong></span> <span class='ocrx_word' id='word_1_167' title='bbox 1271 2326 1334 2357; x_wconf 88' lang='lat' dir='ltr'><strong>vu</strong></span> <span class='ocrx_word' id='word_1_168' title='bbox 1368 2309 1719 2358; x_wconf 73' lang='lat' dir='ltr'><strong>dernierement</strong></span> <span class='ocrx_word' id='word_1_169' title='bbox 1741 2320 1816 2358; x_wconf 83' lang='lat' dir='ltr'><strong>cet</strong></span> <span class='ocrx_word' id='word_1_170' title='bbox 1837 2311 2033 2359; x_wconf 89' lang='lat' dir='ltr'><strong>homme</strong></span> <span class='ocrx_word' id='word_1_171' title='bbox 2059 2313 2089 2358; x_wconf 64' lang='lat' dir='ltr'><strong>a</strong></span> <span class='ocrx_word' id='word_1_172' title='bbox 2115 2312 2217 2359; x_wconf 86' lang='lat' dir='ltr'><strong>Mi-</strong></span> 
     </span>
     <span class='ocr_line' id='line_1_20' title="bbox 369 2393 2219 2457; baseline 0 -17"><span class='ocrx_word' id='word_1_173' title='bbox 369 2394 558 2456; x_wconf 78' lang='lat' dir='ltr'><strong>tylene3</strong></span> <span class='ocrx_word' id='word_1_174' title='bbox 590 2394 692 2450; x_wconf 82' lang='lat' dir='ltr'><strong>oui,</strong></span> <span class='ocrx_word' id='word_1_175' title='bbox 725 2402 800 2441; x_wconf 85' lang='lat' dir='ltr'><strong>oet</strong></span> <span class='ocrx_word' id='word_1_176' title='bbox 827 2393 1048 2451; x_wconf 88' lang='lat' dir='ltr'><strong>homme;</strong></span> <span class='ocrx_word' id='word_1_177' title='bbox 1070 2394 1107 2441; x_wconf 90' lang='lat' dir='ltr'><strong>il</strong></span> <span class='ocrx_word' id='word_1_178' title='bbox 1131 2403 1205 2443; x_wconf 82' lang='lat' dir='ltr'><strong>est</strong></span> <span class='ocrx_word' id='word_1_179' title='bbox 1227 2395 1467 2442; x_wconf 80' lang='lat' dir='ltr'><strong>vraiment</strong></span> <span class='ocrx_word' id='word_1_180' title='bbox 1495 2395 1642 2457; x_wconf 84' lang='lat' dir='ltr'><strong>digne</strong></span> <span class='ocrx_word' id='word_1_181' title='bbox 1664 2393 1721 2442; x_wconf 89' lang='lat' dir='ltr'><strong>de</strong></span> <span class='ocrx_word' id='word_1_182' title='bbox 1746 2409 1801 2441; x_wconf 91' lang='lat' dir='ltr'><strong>ce</strong></span> <span class='ocrx_word' id='word_1_183' title='bbox 1825 2409 1958 2441; x_wconf 86' lang='lat' dir='ltr'><strong>nom.</strong></span> <span class='ocrx_word' id='word_1_184' title='bbox 1982 2394 2044 2443; x_wconf 79' lang='lat' dir='ltr'><strong>Je</strong></span> <span class='ocrx_word' id='word_1_185' title='bbox 2065 2395 2109 2441; x_wconf 91' lang='lat' dir='ltr'><strong>le</strong></span> <span class='ocrx_word' id='word_1_186' title='bbox 2133 2394 2219 2440; x_wconf 86' lang='lat' dir='ltr'><strong>di—</strong></span> 
     </span>
     <span class='ocr_line' id='line_1_21' title="bbox 369 2475 2221 2540; baseline 0.002 -18"><span class='ocrx_word' id='word_1_187' title='bbox 369 2475 444 2522; x_wconf 76' lang='lat' dir='ltr'><strong>rai</strong></span> <span class='ocrx_word' id='word_1_188' title='bbox 469 2475 595 2524; x_wconf 92' lang='lat' dir='ltr'><strong>donc</strong></span> <span class='ocrx_word' id='word_1_189' title='bbox 616 2496 631 2531; x_wconf 79' lang='lat' dir='ltr'><strong>t</strong></span> <span class='ocrx_word' id='word_1_190' title='bbox 656 2476 867 2524; x_wconf 76' lang='lat' dir='ltr'><strong>si-avant</strong></span> <span class='ocrx_word' id='word_1_191' title='bbox 887 2483 1010 2524; x_wconf 71' lang='lat' dir='ltr'><strong>cette</strong></span> <span class='ocrx_word' id='word_1_192' title='bbox 1031 2478 1214 2539; x_wconf 76' lang='lat' dir='ltr'><strong>epoque</strong></span> <span class='ocrx_word' id='word_1_193' title='bbox 1240 2478 1278 2525; x_wconf 90' lang='lat' dir='ltr'><strong>il</strong></span> <span class='ocrx_word' id='word_1_194' title='bbox 1301 2493 1379 2524; x_wconf 90' lang='lat' dir='ltr'><strong>me</strong></span> <span class='ocrx_word' id='word_1_195' title='bbox 1397 2478 1653 2539; x_wconf 76' lang='lat' dir='ltr'><strong>paraissait</strong></span> <span class='ocrx_word' id='word_1_196' title='bbox 1668 2491 1787 2523; x_wconf 88' lang='lat' dir='ltr'><strong>vous</strong></span> <span class='ocrx_word' id='word_1_197' title='bbox 1802 2477 2083 2524; x_wconf 86' lang='lat' dir='ltr'><strong>ressembler</strong></span> <span class='ocrx_word' id='word_1_198' title='bbox 2108 2477 2221 2540; x_wconf 62' lang='lat' dir='ltr'><strong>deja</strong></span> 
     </span>
     <span class='ocr_line' id='line_1_22' title="bbox 368 2559 2224 2621; baseline 0.002 -17"><span class='ocrx_word' id='word_1_199' title='bbox 368 2572 457 2619; x_wconf 75' lang='lat' dir='ltr'><strong>par</strong></span> <span class='ocrx_word' id='word_1_200' title='bbox 484 2573 573 2606; x_wconf 88' lang='lat' dir='ltr'><strong>son</strong></span> <span class='ocrx_word' id='word_1_201' title='bbox 593 2559 872 2621; x_wconf 73' lang='lat' dir='ltr'><strong>eloquence,</strong></span> <span class='ocrx_word' id='word_1_202' title='bbox 895 2559 1030 2607; x_wconf 86' lang='lat' dir='ltr'><strong>riche</strong></span> <span class='ocrx_word' id='word_1_203' title='bbox 1053 2560 1182 2608; x_wconf 82' lang='lat' dir='ltr'><strong>alors</strong></span> <span class='ocrx_word' id='word_1_204' title='bbox 1220 2559 1302 2608; x_wconf 90' lang='lat' dir='ltr'><strong>des</strong></span> <span class='ocrx_word' id='word_1_205' title='bbox 1335 2563 1514 2608; x_wconf 79' lang='lat' dir='ltr'><strong>tresors</strong></span> <span class='ocrx_word' id='word_1_206' title='bbox 1552 2559 1612 2608; x_wconf 87' lang='lat' dir='ltr'><strong>de</strong></span> <span class='ocrx_word' id='word_1_207' title='bbox 1642 2561 1828 2608; x_wconf 88' lang='lat' dir='ltr'><strong>scienee</strong></span> <span class='ocrx_word' id='word_1_208' title='bbox 1862 2561 2224 2618; x_wconf 62' lang='lat' dir='ltr'><strong>nouvellement</strong></span> 
     </span>
    </p>
   </div>
   <div class='ocr_carea' id='block_1_4' title="bbox 367 2641 2223 2783">
    <p class='ocr_par' dir='ltr' id='par_1_5' title="bbox 367 2641 2223 2783">
     <span class='ocr_line' id='line_1_23' title="bbox 367 2641 2218 2706; baseline 0.002 -19"><span class='ocrx_word' id='word_1_209' title='bbox 367 2642 528 2703; x_wconf 72' lang='lat' dir='ltr'><strong>puises</strong></span> <span class='ocrx_word' id='word_1_210' title='bbox 554 2641 676 2690; x_wconf 83' lang='lat' dir='ltr'><strong>dans</strong></span> <span class='ocrx_word' id='word_1_211' title='bbox 696 2643 767 2690; x_wconf 88' lang='lat' dir='ltr'><strong>les</strong></span> <span class='ocrx_word' id='word_1_212' title='bbox 784 2644 947 2706; x_wconf 68' lang='lat' dir='ltr'><strong>Iecons</strong></span> <span class='ocrx_word' id='word_1_213' title='bbox 968 2643 1084 2690; x_wconf 86' lang='lat' dir='ltr'><strong>d&#39;un</strong></span> <span class='ocrx_word' id='word_1_214' title='bbox 1109 2644 1265 2706; x_wconf 81' lang='lat' dir='ltr'><strong>grand</strong></span> <span class='ocrx_word' id='word_1_215' title='bbox 1288 2643 1576 2705; x_wconf 87' lang='lat' dir='ltr'><strong>philosophe</strong></span> <span class='ocrx_word' id='word_1_216' title='bbox 1589 2644 1672 2706; x_wconf 91' lang='lat' dir='ltr'><strong>qui</strong></span> <span class='ocrx_word' id='word_1_217' title='bbox 1695 2652 1767 2691; x_wconf 78' lang='lat' dir='ltr'><strong>est</strong></span> <span class='ocrx_word' id='word_1_218' title='bbox 1788 2644 1934 2700; x_wconf 80' lang='lat' dir='ltr'><strong>aussi,</strong></span> <span class='ocrx_word' id='word_1_219' title='bbox 1961 2644 2011 2703; x_wconf 87' lang='lat' dir='ltr'><strong>je</strong></span> <span class='ocrx_word' id='word_1_220' title='bbox 2035 2645 2079 2690; x_wconf 87' lang='lat' dir='ltr'><strong>le</strong></span> <span class='ocrx_word' id='word_1_221' title='bbox 2100 2646 2218 2703; x_wconf 84' lang='lat' dir='ltr'><strong>sais,</strong></span> 
     </span>
     <span class='ocr_line' id='line_1_24' title="bbox 367 2720 2223 2783; baseline 0.003 -17"><span class='ocrx_word' id='word_1_222' title='bbox 367 2728 504 2767; x_wconf 81' lang='lat' dir='ltr'><strong>votre</strong></span> <span class='ocrx_word' id='word_1_223' title='bbox 527 2720 687 2781; x_wconf 79' lang='lat' dir='ltr'><strong>grand</strong></span> <span class='ocrx_word' id='word_1_224' title='bbox 709 2721 826 2780; x_wconf 78' lang='lat' dir='ltr'><strong>ami,</strong></span> <span class='ocrx_word' id='word_1_225' title='bbox 857 2722 903 2767; x_wconf 91' lang='lat' dir='ltr'><strong>le</strong></span> <span class='ocrx_word' id='word_1_226' title='bbox 924 2728 1099 2768; x_wconf 73' lang='lat' dir='ltr'><strong>suvant</strong></span> <span class='ocrx_word' id='word_1_227' title='bbox 1126 2722 1367 2783; x_wconf 81' lang='lat' dir='ltr'><strong>Cratippe,</strong></span> <span class='ocrx_word' id='word_1_228' title='bbox 1394 2722 1616 2769; x_wconf 85' lang='lat' dir='ltr'><strong>combien</strong></span> <span class='ocrx_word' id='word_1_229' title='bbox 1644 2738 1698 2770; x_wconf 85' lang='lat' dir='ltr'><strong>sa</strong></span> <span class='ocrx_word' id='word_1_230' title='bbox 1727 2724 2080 2770; x_wconf 77' lang='lat' dir='ltr'><strong>resse-mblance</strong></span> <span class='ocrx_word' id='word_1_231' title='bbox 2104 2739 2223 2771; x_wconf 62' lang='lat' dir='ltr'><strong>avec</strong></span> 
     </span>
    </p>
   </div>
   <div class='ocr_carea' id='block_1_5' title="bbox 366 2803 2223 3619">
    <p class='ocr_par' dir='ltr' id='par_1_6' title="bbox 366 2803 2223 3619">
     <span class='ocr_line' id='line_1_25' title="bbox 368 2803 2215 2868; baseline 0.002 -18"><span class='ocrx_word' id='word_1_232' title='bbox 368 2818 490 2851; x_wconf 86' lang='lat' dir='ltr'><strong>vous</strong></span> <span class='ocrx_word' id='word_1_233' title='bbox 508 2803 798 2851; x_wconf 75' lang='lat' dir='ltr'><strong>n’etait-elle</strong></span> <span class='ocrx_word' id='word_1_234' title='bbox 826 2818 912 2865; x_wconf 77' lang='lat' dir='ltr'><strong>pas</strong></span> <span class='ocrx_word' id='word_1_235' title='bbox 935 2818 1108 2850; x_wconf 85' lang='lat' dir='ltr'><strong>encore</strong></span> <span class='ocrx_word' id='word_1_236' title='bbox 1134 2804 1242 2865; x_wconf 89' lang='lat' dir='ltr'><strong>plus</strong></span> <span class='ocrx_word' id='word_1_237' title='bbox 1261 2805 1469 2866; x_wconf 80' lang='lat' dir='ltr'><strong>parfaite</strong></span> <span class='ocrx_word' id='word_1_238' title='bbox 1483 2807 1513 2853; x_wconf 76' lang='grc' dir='ltr'><strong>ὲ,</strong></span> <span class='ocrx_word' id='word_1_239' title='bbox 1526 2819 1626 2852; x_wconf 87' lang='lat' dir='ltr'><strong>mes</strong></span> <span class='ocrx_word' id='word_1_240' title='bbox 1644 2806 1802 2868; x_wconf 83' lang='lat' dir='ltr'><strong>yeux!</strong></span> <span class='ocrx_word' id='word_1_241' title='bbox 1822 2836 1888 2847; x_wconf 95' lang='lat'>—</span> <span class='ocrx_word' id='word_1_242' title='bbox 1905 2806 2025 2853; x_wconf 78' lang='lat' dir='ltr'><strong>Sans</strong></span> <span class='ocrx_word' id='word_1_243' title='bbox 2053 2806 2215 2865; x_wconf 84' lang='lat' dir='ltr'><strong>doute,</strong></span> 
     </span>
     <span class='ocr_line' id='line_1_26' title="bbox 369 2887 2219 2952; baseline 0.002 -17"><span class='ocrx_word' id='word_1_244' title='bbox 369 2887 514 2948; x_wconf 83' lang='lat' dir='ltr'><strong>dis-je</strong></span> <span class='ocrx_word' id='word_1_245' title='bbox 546 2887 576 2934; x_wconf 67' lang='grc' dir='ltr'>ὲ</span> <span class='ocrx_word' id='word_1_246' title='bbox 606 2901 723 2935; x_wconf 89' lang='lat' dir='ltr'><strong>mou</strong></span> <span class='ocrx_word' id='word_1_247' title='bbox 755 2894 882 2947; x_wconf 78' lang='lat' dir='ltr'><strong>tour,</strong></span> <span class='ocrx_word' id='word_1_248' title='bbox 922 2887 992 2934; x_wconf 87' lang='lat' dir='ltr'><strong>les</strong></span> <span class='ocrx_word' id='word_1_249' title='bbox 1026 2887 1262 2949; x_wconf 82' lang='lat' dir='ltr'><strong>louanges</strong></span> <span class='ocrx_word' id='word_1_250' title='bbox 1301 2887 1418 2934; x_wconf 87' lang='lat' dir='ltr'><strong>d’un</strong></span> <span class='ocrx_word' id='word_1_251' title='bbox 1454 2887 1648 2936; x_wconf 89' lang='lat' dir='ltr'><strong>homme</strong></span> <span class='ocrx_word' id='word_1_252' title='bbox 1685 2890 1726 2937; x_wconf 87' lang='lat' dir='ltr'><strong>si</strong></span> <span class='ocrx_word' id='word_1_253' title='bbox 1761 2898 2013 2945; x_wconf 83' lang='lat' dir='ltr'><strong>vertueux,</strong></span> <span class='ocrx_word' id='word_1_254' title='bbox 2054 2897 2101 2936; x_wconf 82' lang='lat' dir='ltr'><strong>et</strong></span> <span class='ocrx_word' id='word_1_255' title='bbox 2137 2893 2219 2952; x_wconf 88' lang='lat' dir='ltr'><strong>qui</strong></span> 
     </span>
     <span class='ocr_line' id='line_1_27' title="bbox 368 2969 2223 3036; baseline 0.001 -18"><span class='ocrx_word' id='word_1_256' title='bbox 368 2986 492 3018; x_wconf 87' lang='lat' dir='ltr'><strong>nous</strong></span> <span class='ocrx_word' id='word_1_257' title='bbox 515 2980 589 3018; x_wconf 83' lang='lat' dir='ltr'><strong>est</strong></span> <span class='ocrx_word' id='word_1_258' title='bbox 612 2971 652 3017; x_wconf 91' lang='lat' dir='ltr'><strong>si</strong></span> <span class='ocrx_word' id='word_1_259' title='bbox 675 2969 810 3028; x_wconf 84' lang='lat' dir='ltr'><strong>cher,</strong></span> <span class='ocrx_word' id='word_1_260' title='bbox 842 2977 954 3017; x_wconf 85' lang='lat' dir='ltr'><strong>sont</strong></span> <span class='ocrx_word' id='word_1_261' title='bbox 984 2971 1236 3034; x_wconf 77' lang='lat' dir='ltr'><strong>agreables</strong></span> <span class='ocrx_word' id='word_1_262' title='bbox 1263 2972 1292 3016; x_wconf 70' lang='grc' dir='ltr'>ὲ</span> <span class='ocrx_word' id='word_1_263' title='bbox 1318 2986 1435 3018; x_wconf 89' lang='lat' dir='ltr'><strong>mon</strong></span> <span class='ocrx_word' id='word_1_264' title='bbox 1456 2973 1648 3029; x_wconf 83' lang='lat' dir='ltr'><strong>oreille;</strong></span> <span class='ocrx_word' id='word_1_265' title='bbox 1686 2973 1955 3036; x_wconf 79' lang='lat' dir='ltr'><strong>cependant</strong></span> <span class='ocrx_word' id='word_1_266' title='bbox 1986 2974 2102 3021; x_wconf 90' lang='lat' dir='ltr'><strong>elles</strong></span> <span class='ocrx_word' id='word_1_267' title='bbox 2143 2990 2223 3022; x_wconf 87' lang='lat' dir='ltr'><strong>me</strong></span> 
     </span>
     <span class='ocr_line' id='line_1_28' title="bbox 367 3053 2223 3119; baseline 0.002 -17"><span class='ocrx_word' id='word_1_268' title='bbox 367 3055 637 3117; x_wconf 62' lang='lat' dir='ltr'><strong>appellent</strong></span> <span class='ocrx_word' id='word_1_269' title='bbox 670 3068 734 3101; x_wconf 77' lang='lat' dir='ltr'><strong>au</strong></span> <span class='ocrx_word' id='word_1_270' title='bbox 773 3055 1032 3101; x_wconf 85' lang='lat' dir='ltr'><strong>sentiment</strong></span> <span class='ocrx_word' id='word_1_271' title='bbox 1072 3053 1155 3103; x_wconf 88' lang='lat' dir='ltr'><strong>des</strong></span> <span class='ocrx_word' id='word_1_272' title='bbox 1196 3054 1446 3103; x_wconf 76' lang='lat' dir='ltr'><strong>malheurs</strong></span> <span class='ocrx_word' id='word_1_273' title='bbox 1477 3057 1686 3118; x_wconf 80' lang='lat' dir='ltr'><strong>publice,</strong></span> <span class='ocrx_word' id='word_1_274' title='bbox 1718 3066 1766 3104; x_wconf 85' lang='lat' dir='ltr'><strong>et</strong></span> <span class='ocrx_word' id='word_1_275' title='bbox 1797 3057 1958 3104; x_wconf 75' lang='lat' dir='ltr'><strong>c’etait</strong></span> <span class='ocrx_word' id='word_1_276' title='bbox 1986 3073 2110 3119; x_wconf 85' lang='lat' dir='ltr'><strong>pour</strong></span> <span class='ocrx_word' id='word_1_277' title='bbox 2148 3059 2223 3106; x_wconf 86' lang='lat' dir='ltr'><strong>les</strong></span> 
     </span>
     <span class='ocr_line' id='line_1_29' title="bbox 366 3137 2221 3202; baseline 0.001 -13"><span class='ocrx_word' id='word_1_278' title='bbox 366 3139 553 3189; x_wconf 88' lang='lat' dir='ltr'><strong>oublier</strong></span> <span class='ocrx_word' id='word_1_279' title='bbox 578 3153 669 3200; x_wconf 90' lang='lat' dir='ltr'><strong>que</strong></span> <span class='ocrx_word' id='word_1_280' title='bbox 689 3138 739 3200; x_wconf 88' lang='lat' dir='ltr'><strong>je</strong></span> <span class='ocrx_word' id='word_1_281' title='bbox 757 3139 1064 3202; x_wconf 78' lang='lat' dir='ltr'><strong>prolongeais</strong></span> <span class='ocrx_word' id='word_1_282' title='bbox 1087 3137 1128 3184; x_wconf 86' lang='lat' dir='ltr'><strong>si</strong></span> <span class='ocrx_word' id='word_1_283' title='bbox 1157 3138 1434 3202; x_wconf 84' lang='lat' dir='ltr'><strong>longtemps</strong></span> <span class='ocrx_word' id='word_1_284' title='bbox 1456 3148 1532 3188; x_wconf 86' lang='lat' dir='ltr'><strong>cet</strong></span> <span class='ocrx_word' id='word_1_285' title='bbox 1560 3141 1813 3188; x_wconf 83' lang='lat' dir='ltr'><strong>entretien.</strong></span> <span class='ocrx_word' id='word_1_286' title='bbox 1837 3140 1963 3188; x_wconf 82' lang='lat' dir='ltr'><strong>Mais</strong></span> <span class='ocrx_word' id='word_1_287' title='bbox 1986 3155 2169 3189; x_wconf 87' lang='lat' dir='ltr'><strong>venons</strong></span> <span class='ocrx_word' id='word_1_288' title='bbox 2189 3144 2221 3190; x_wconf 69' lang='lat' dir='ltr'><strong>is</strong></span> 
     </span>
     <span class='ocr_line' id='line_1_30' title="bbox 367 3222 2017 3287; baseline -0.002 -13"><span class='ocrx_word' id='word_1_289' title='bbox 367 3226 539 3274; x_wconf 59' lang='lat' dir='ltr'><strong>cesara</strong></span> <span class='ocrx_word' id='word_1_290' title='bbox 562 3222 612 3283; x_wconf 75' lang='lat' dir='ltr'><strong>Je</strong></span> <span class='ocrx_word' id='word_1_291' title='bbox 631 3222 781 3269; x_wconf 75' lang='lat' dir='ltr'><strong>desire</strong></span> <span class='ocrx_word' id='word_1_292' title='bbox 802 3223 962 3270; x_wconf 73' lang='lat' dir='ltr'><strong>saveir</strong></span> <span class='ocrx_word' id='word_1_293' title='bbox 980 3223 1089 3284; x_wconf 90' lang='lat' dir='ltr'><strong>quel</strong></span> <span class='ocrx_word' id='word_1_294' title='bbox 1123 3230 1195 3271; x_wconf 83' lang='lat' dir='ltr'><strong>est</strong></span> <span class='ocrx_word' id='word_1_295' title='bbox 1218 3239 1304 3271; x_wconf 89' lang='lat' dir='ltr'><strong>sur</strong></span> <span class='ocrx_word' id='word_1_296' title='bbox 1329 3223 1395 3270; x_wconf 89' lang='lat' dir='ltr'><strong>lui</strong></span> <span class='ocrx_word' id='word_1_297' title='bbox 1419 3224 1466 3272; x_wconf 86' lang='lat' dir='ltr'><strong>le</strong></span> <span class='ocrx_word' id='word_1_298' title='bbox 1484 3224 1737 3287; x_wconf 85' lang='lat' dir='ltr'><strong>jugement</strong></span> <span class='ocrx_word' id='word_1_299' title='bbox 1760 3223 2017 3271; x_wconf 87' lang='lat' dir='ltr'><strong>d’Atticus.</strong></span> 
     </span>
     <span class='ocr_line' id='line_1_31' title="bbox 431 3296 2221 3369; baseline 0 -14"><span class='ocrx_word' id='word_1_300' title='bbox 431 3296 636 3355; x_wconf 81' lang='lat' dir='ltr'>LXXII.</span> <span class='ocrx_word' id='word_1_301' title='bbox 659 3331 727 3343; x_wconf 89' lang='lat'>-</span> <span class='ocrx_word' id='word_1_302' title='bbox 746 3305 883 3354; x_wconf 88' lang='lat' dir='ltr'><strong>Vous</strong></span> <span class='ocrx_word' id='word_1_303' title='bbox 912 3306 1138 3369; x_wconf 79' lang='lat' dir='ltr'><strong>persistez</strong></span> <span class='ocrx_word' id='word_1_304' title='bbox 1163 3307 1584 3366; x_wconf 81' lang='lat' dir='ltr'><strong>admirablement,</strong></span> <span class='ocrx_word' id='word_1_305' title='bbox 1611 3307 1681 3354; x_wconf 87' lang='lat' dir='ltr'><strong>dit</strong></span> <span class='ocrx_word' id='word_1_306' title='bbox 1699 3307 1898 3367; x_wconf 89' lang='lat' dir='ltr'><strong>Brutus,</strong></span> <span class='ocrx_word' id='word_1_307' title='bbox 1926 3308 2047 3354; x_wconf 81' lang='lat' dir='ltr'><strong>dans</strong></span> <span class='ocrx_word' id='word_1_308' title='bbox 2077 3308 2126 3354; x_wconf 80' lang='lat' dir='ltr'><strong>la</strong></span> <span class='ocrx_word' id='word_1_309' title='bbox 2149 3310 2221 3355; x_wconf 68' lang='lat' dir='ltr'><strong>re-</strong></span> 
     </span>
     <span class='ocr_line' id='line_1_32' title="bbox 367 3389 2218 3443; baseline 0.001 -6"><span class='ocrx_word' id='word_1_310' title='bbox 367 3390 582 3438; x_wconf 85' lang='lat' dir='ltr'><strong>solution</strong></span> <span class='ocrx_word' id='word_1_311' title='bbox 607 3389 665 3438; x_wconf 85' lang='lat' dir='ltr'><strong>de</strong></span> <span class='ocrx_word' id='word_1_312' title='bbox 684 3406 745 3438; x_wconf 91' lang='lat' dir='ltr'><strong>ne</strong></span> <span class='ocrx_word' id='word_1_313' title='bbox 764 3392 867 3438; x_wconf 86' lang='lat' dir='ltr'><strong>rien</strong></span> <span class='ocrx_word' id='word_1_314' title='bbox 892 3390 996 3440; x_wconf 87' lang='lat' dir='ltr'><strong>dire</strong></span> <span class='ocrx_word' id='word_1_315' title='bbox 1016 3395 1317 3443; x_wconf 60' lang='lat' dir='ltr'><strong>vous-mame</strong></span> <span class='ocrx_word' id='word_1_316' title='bbox 1351 3391 1432 3439; x_wconf 89' lang='lat' dir='ltr'><strong>des</strong></span> <span class='ocrx_word' id='word_1_317' title='bbox 1455 3397 1674 3439; x_wconf 81' lang='lat' dir='ltr'><strong>orateurs</strong></span> <span class='ocrx_word' id='word_1_318' title='bbox 1702 3391 1909 3438; x_wconf 79' lang='lat' dir='ltr'><strong>vivants.</strong></span> <span class='ocrx_word' id='word_1_319' title='bbox 1943 3390 1988 3438; x_wconf 89' lang='lat'><strong>11</strong></span> <span class='ocrx_word' id='word_1_320' title='bbox 2012 3398 2087 3438; x_wconf 83' lang='lat' dir='ltr'><strong>est</strong></span> <span class='ocrx_word' id='word_1_321' title='bbox 2109 3393 2218 3440; x_wconf 70' lang='grc' dir='ltr'><strong>νηὶ</strong></span> 
     </span>
     <span class='ocr_line' id='line_1_33' title="bbox 366 3463 2218 3538; baseline 0.003 -19"><span class='ocrx_word' id='word_1_322' title='bbox 366 3485 459 3533; x_wconf 87' lang='lat' dir='ltr'><strong>que</strong></span> <span class='ocrx_word' id='word_1_323' title='bbox 480 3474 521 3521; x_wconf 89' lang='lat' dir='ltr'><strong>si</strong></span> <span class='ocrx_word' id='word_1_324' title='bbox 541 3490 658 3523; x_wconf 84' lang='lat' dir='ltr'><strong>vous</strong></span> <span class='ocrx_word' id='word_1_325' title='bbox 678 3489 736 3523; x_wconf 86' lang='lat' dir='ltr'><strong>en</strong></span> <span class='ocrx_word' id='word_1_326' title='bbox 765 3463 944 3538; x_wconf 68' lang='lat' dir='ltr'><strong>pin-lien</strong></span> <span class='ocrx_word' id='word_1_327' title='bbox 963 3489 1149 3526; x_wconf 86' lang='lat' dir='ltr'><strong>comme</strong></span> <span class='ocrx_word' id='word_1_328' title='bbox 1173 3476 1232 3523; x_wconf 90' lang='lat' dir='ltr'><strong>de</strong></span> <span class='ocrx_word' id='word_1_329' title='bbox 1253 3491 1376 3525; x_wconf 84' lang='lat' dir='ltr'><strong>ceux</strong></span> <span class='ocrx_word' id='word_1_330' title='bbox 1410 3475 1494 3538; x_wconf 89' lang='lat' dir='ltr'><strong>qui</strong></span> <span class='ocrx_word' id='word_1_331' title='bbox 1517 3489 1577 3522; x_wconf 85' lang='lat' dir='ltr'><strong>ne</strong></span> <span class='ocrx_word' id='word_1_332' title='bbox 1610 3480 1720 3522; x_wconf 88' lang='lat' dir='ltr'><strong>sont</strong></span> <span class='ocrx_word' id='word_1_333' title='bbox 1746 3474 1872 3537; x_wconf 76' lang='lat' dir='ltr'><strong>plus,</strong></span> <span class='ocrx_word' id='word_1_334' title='bbox 1912 3474 2218 3524; x_wconf 66' lang='lat' dir='ltr'><strong>c’est-s-dire</strong></span> 
     </span>
     <span class='ocr_line' id='line_1_34' title="bbox 368 3558 2219 3619; baseline 0.006 -20"><span class='ocrx_word' id='word_1_335' title='bbox 368 3567 482 3601; x_wconf 78' lang='lat' dir='ltr'><strong>sans</strong></span> <span class='ocrx_word' id='word_1_336' title='bbox 508 3571 569 3604; x_wconf 87' lang='lat' dir='ltr'><strong>en</strong></span> <span class='ocrx_word' id='word_1_337' title='bbox 599 3565 800 3608; x_wconf 86' lang='lat' dir='ltr'><strong>omettre</strong></span> <span class='ocrx_word' id='word_1_338' title='bbox 822 3574 1001 3619; x_wconf 80' lang='lat' dir='ltr'><strong>aucun,</strong></span> <span class='ocrx_word' id='word_1_339' title='bbox 1034 3575 1153 3609; x_wconf 79' lang='lat' dir='ltr'><strong>vous</strong></span> <span class='ocrx_word' id='word_1_340' title='bbox 1180 3559 1448 3609; x_wconf 76' lang='lat' dir='ltr'><strong>trouveriez</strong></span> <span class='ocrx_word' id='word_1_341' title='bbox 1480 3574 1565 3606; x_wconf 89' lang='lat' dir='ltr'><strong>sur</strong></span> <span class='ocrx_word' id='word_1_342' title='bbox 1597 3564 1734 3606; x_wconf 82' lang='lat' dir='ltr'><strong>votre</strong></span> <span class='ocrx_word' id='word_1_343' title='bbox 1764 3558 1954 3607; x_wconf 88' lang='lat' dir='ltr'><strong>chemin</strong></span> <span class='ocrx_word' id='word_1_344' title='bbox 1979 3559 2094 3608; x_wconf 84' lang='lat' dir='ltr'><strong>bien</strong></span> <span class='ocrx_word' id='word_1_345' title='bbox 2130 3559 2219 3611; x_wconf 77' lang='lat' dir='ltr'><strong>des</strong></span> 
     </span>
    </p>
   </div>
   <div class='ocr_carea' id='block_1_6' title="bbox 2540 9 2563 3103">
    <p class='ocr_par' dir='ltr' id='par_1_7' title="bbox 2540 9 2563 3103">
     <span class='ocr_line' id='line_1_35' title="bbox 2540 9 2563 3103; baseline 0 0"><span class='ocrx_word' id='word_1_346' title='bbox 2540 9 2563 3103; x_wconf 95' lang='lat' dir='ltr'><strong> </strong></span> 
     </span>
    </p>
   </div>
  </div>
 </body>
</html>
