2592 4084
237 449 339 501 illa
365 450 538 497 oratio

238 519 293 565 in
326 514 754 579 legemCaepionis

239 584 347 630 fuit
367 582 507 628 mihi
530 581 724 643 quidem

238 665 272 696 a
297 648 531 711 pueritia

239 716 398 777 quasi
422 714 669 775 magistra
692 730 705 764 3

238 782 299 829 in
328 796 439 842 qua
464 791 514 826 et
533 787 734 827 ornatur

240 848 537 894 auctoritas
571 853 781 904 senatus,

239 929 339 976 pro
362 928 473 975 quo
497 912 666 959 ordine

243 980 340 1027 illa
368 978 645 1034 dicuntum

244 1055 297 1092 et
320 1045 526 1092 invidia
548 1044 820 1091 concitatur

244 1114 298 1159 in
325 1111 604 1158 factionem
625 1109 846 1170 judicum

247 1185 300 1226 et
333 1178 388 1225 in
418 1183 780 1234 accusatorum,

247 1254 437 1292 contra
458 1243 726 1305 potentiam
746 1255 956 1303 quorum

248 1309 532 1358 dicendum
556 1308 650 1355 fuit
671 1316 776 1355 tum

248 1377 595 1439 populariter3

250 1443 421 1489 multa
442 1441 578 1488 dicta
600 1446 715 1488 sunt
740 1439 974 1502 graviter,

250 1510 421 1555 multa
440 1507 637 1564 leniter,

254 1576 423 1622 multa
452 1588 640 1635 aspere,

252 1642 425 1688 multa
450 1640 621 1694 facete,

255 1708 309 1753 in
346 1708 447 1754 illa
468 1705 715 1762 oration03
783 1703 1007 1769 [scripta.

256 1776 412 1835 plura
438 1776 587 1819 etiam
608 1771 755 1824 dicta,
784 1785 930 1831 quam

259 1841 399 1901 quod
435 1847 594 1898 potest
612 1838 824 1897 intelligi

257 1920 320 1951 ex
353 1903 653 1966 quibusdam
676 1903 916 1964 capitibus

259 1971 528 2033 expositis,
560 1984 648 2014 nec
674 1969 939 2030 explicatis.

258 2035 364 2086 Illa
394 2036 623 2082 censoria
648 2035 755 2096 ipsa

258 2117 357 2150 con
366 2114 452 2148 tra
465 2100 560 2151 Cn.
580 2100 848 2148 Domitium
869 2099 1021 2147 colle-

260 2184 370 2216 non
410 2175 483 2213 est
508 2169 686 2228 oratio,
884 2165 1017 2231 [gam

262 2234 354 2282 sed
382 2236 525 2296 quasi
550 2234 710 2294 capita
733 2247 911 2291 rerum,

260 2308 312 2348 ct
344 2301 759 2348 commentarium
785 2299 1019 2347 orationis

262 2367 441 2428 paullo
464 2367 655 2429 plenius
679 2388 694 2431 ;

265 2433 412 2481 nulla
434 2435 565 2480 enim
594 2433 846 2480 altercatio

265 2497 446 2546 habita
463 2507 535 2546 est.
553 2515 771 2561 unquam

267 2565 571 2613 clamoribus
597 2566 884 2628 majoribus.

268 2629 332 2678 Et
352 2647 472 2680 vero

272 2696 424 2745 dictio
450 2698 695 2761 popularis
720 2698 963 2746 excellens

272 2761 368 2811 fuit
390 2773 443 2812 et
464 2767 513 2810 in
537 2767 660 2811 hoc&

272 2845 433 2891 genus
455 2830 647 2878 dicendi
668 2830 874 2878 Antonii

272 2895 366 2943 fuit
387 2897 548 2945 multo
567 2898 725 2959 aptius

271 2961 473 3022 judiciis
502 2979 649 3024 quam
684 2962 1015 3012 concionibus.

340 3028 500 3077 XLV.
525 3029 635 3077 Non
653 3032 879 3092 relinquo

277 3091 369 3141 hoc
396 3097 507 3143 loco

280 3157 553 3209 Domitium
575 3161 735 3224 ipsum
761 3178 774 3209 ε

280 3239 395 3274 uam
415 3228 506 3275 etsi
532 3244 629 3275 non
653 3229 747 3276 fuit

281 3291 331 3336 in
361 3309 566 3342 numero
591 3303 861 3355 oratorum,

280 3371 408 3417 pono
436 3370 597 3407 tamen

284 3421 434 3471 fuisse
460 3427 512 3473 in
536 3442 591 3472 eo

283 3491 401 3537 satis
422 3493 651 3540 orationis

1071 333 1311 377 BRUTUS
1324 360 1337 374 .
2014 324 2124 378 175

1073 461 1127 494 ce
1148 447 1366 494 discours
1385 451 1438 494 do
1459 450 1643 496 Crassus

1069 528 1193 574 pour
1215 515 1264 559 la
1299 516 1363 560 loi
1389 514 1447 560 de
1474 515 1650 580 Cepion

1068 579 1146 626 sut
1168 595 1290 642 pour
1322 581 1420 626 moi
1442 580 1695 629 du-moins

1069 645 1152 692 des
1183 661 1292 694 mon
1321 647 1522 694 enfance

1066 727 1256 759 comme
1275 728 1342 759 un
1368 717 1565 760 manre:

1068 778 1190 825 dans
1212 778 1369 840 lequel
1390 782 1587 826 discours
1607 789 1654 827 et
1675 788 1749 826 est
1771 781 1952 828 relevee

1067 844 1318 892 l’autoriu-i·
1341 846 1406 892 du
1431 846 1586 904 senat,

1066 926 1191 973 pour
1210 912 1368 972 lequel
1391 913 1537 958 ordre

1066 977 1467 1040 cette-harangue
1490 986 1562 1024 est
1592 980 1858 1039 prononcee
1881 994 1895 1035 3

1067 1055 1115 1089 et
1137 1046 1186 1090 la
1212 1044 1357 1090 haine
1384 1053 1456 1091 est
1480 1043 1700 1091 soulevee

1068 1117 1236 1157 contre
1259 1111 1310 1156 la
1344 1110 1524 1157 faction
1545 1110 1631 1157 des
1647 1110 1794 1171 juges

1068 1181 1116 1222 et
1147 1182 1313 1223 contre
1349 1180 1455 1223 cello
1480 1176 1562 1222 des
1584 1185 1910 1230 accusateurs‚

1065 1251 1234 1289 contre
1261 1243 1312 1288 la
1334 1245 1586 1303 puissance
1607 1242 1829 1303 desquels

1067 1308 1104 1355 il
1133 1307 1278 1354 fallut
1299 1310 1459 1369 parler
1476 1309 1606 1354 alors

1071 1373 1934 1438 ‹le-maniere-a-plaire-au-peuple3

1068 1441 1277 1487 maintes
1296 1441 1465 1487 choses
1492 1449 1603 1487 sont
1627 1441 1753 1487 dites
1776 1455 1891 1488 avec
1915 1440 2122 1503 gravite,

1066 1506 1316 1567 beaucoup
1340 1506 1715 1566 avec-douceur‚

1066 1572 1317 1634 beaucoup
1338 1572 1691 1629 avec-rudesse‚

1065 1638 1319 1698 beaucoup
1353 1653 1468 1685 avec
1495 1640 1816 1702 enjouement‚

1070 1703 1192 1751 dans
1216 1720 1270 1752 ce
1288 1704 1508 1754 discours
1537 1723 1549 1761 ς

1070 1771 1182 1833 plus
1204 1774 1361 1819 meme
1384 1779 1470 1818 ont
1488 1773 1560 1818 ete
1585 1771 1706 1819 dites
1730 1787 1823 1834 que
1846 1772 2034 1830 cernes,

1070 1852 1124 1883 ce
1148 1836 1231 1898 qui
1258 1845 1376 1900 peut
1401 1841 1500 1884 ἐτι-ε
1526 1838 1701 1884 conclu

1072 1901 1130 1948 de
1149 1906 1362 1950 certains
1379 1905 1839 1966 points-importuna

1072 1970 1287 2031 exposes,
1312 1976 1359 2015 et
1376 1986 1475 2016 non
1496 1971 1800 2034 developpeS.

1075 2038 1131 2081 Co
1149 2038 1352 2083 discours
1373 2037 1431 2082 de
1465 2051 1666 2083 censeur
1696 2038 1955 2084 lui-meme

1073 2109 1239 2149 contre
1272 2101 1363 2150 Cn.
1390 2102 1634 2150 Domitius
1651 2119 1733 2151 son
1755 2103 1992 2165 collegae,

1073 2167 1196 2215 n'est
1217 2183 1305 2231 pas
1324 2184 1391 2214 un
1426 2170 1660 2225 discours,

1073 2235 1196 2280 mais
1215 2249 1402 2281 comme
1425 2250 1492 2281 un
1515 2236 1773 2282 sommaire
1816 2236 1899 2282 des
1936 2233 2107 2280 chose·

1075 2308 1121 2345 et
1143 2315 1239 2347 une
1267 2301 1478 2362 esquisse
1496 2301 1554 2348 de
1571 2302 1789 2349 discours

1074 2381 1142 2413 un
1166 2382 1259 2429 peu
1280 2368 1393 2428 plus
1415 2367 1619 2422 etendu3

1074 2446 1157 2479 car
1177 2447 1368 2479 aucune
1390 2432 1819 2495 lutto-de-paroles

1073 2513 1136 2544 ne
1161 2498 1240 2545 fut
1260 2500 1513 2546 accueillie
1524 2500 1703 2561 jamais

1076 2564 1596 2627 d'applaudissements
1635 2565 1965 2628 plus-grands.

1073 2632 1140 2679 Et
1159 2632 1403 2679 en-verite

1077 2713 1144 2745 un
1175 2699 1303 2760 style
1326 2697 1578 2760 populaire
1598 2697 1834 2746 excellent

1074 2766 1153 2811 fut
1174 2766 1306 2811 aussi
1327 2765 1445 2811 chez
1466 2765 1693 2811 celui-ei:

1074 2830 1121 2878 le
1145 2845 1295 2894 genre
1322 2831 1631 2893 d'eloquence
1652 2830 1914 2880 d’Antoine

1073 2896 1152 2943 fut
1173 2898 1423 2959 beaucoup
1452 2898 1560 2959 plus
1584 2913 1755 2959 propre

1076 2978 1174 3010 aux
1197 2964 1471 3011 tribunaux
1493 2964 1675 3025 qu’aux
1694 2963 1988 3026 hat-angues,

1141 3028 1296 3077 XLV.
1322 3029 1357 3078 J
1361 3047 1385 3076 e
1403 3044 1464 3078 ne
1483 3032 1629 3078 laisse
1650 3046 1734 3092 pas

1075 3097 1106 3142 a
1124 3104 1248 3144 cette
1270 3097 1409 3158 place

1078 3163 1324 3210 Domitius
1344 3162 1595 3209 lui-mEme
1620 3179 1634 3209 ι

1075 3243 1159 3275 car
1185 3228 1300 3274 bien
1325 3229 1446 3290 qu'il
1469 3229 1593 3275 n’ait
1617 3243 1703 3291 pas
1726 3230 1801 3277 ete

1073 3309 1138 3342 au
1161 3295 1365 3342 nombre
1390 3295 1472 3341 des
1494 3303 1728 3354 orateurs,

1071 3361 1287 3422 j’e'tablis
1309 3361 1583 3422 cependant

1078 3426 1215 3472 avoir
1239 3428 1315 3472 ete
1339 3442 1398 3472 en
1427 3428 1495 3476 lui

1076 3505 1212 3539 assez
1239 3492 1547 3551 d’eloquence
