2592 4084
304 529 459 578 parva
485 514 722 577 maguis),

305 583 399 629 etsi
427 580 631 628 relictus
654 588 725 627 est
741 579 976 643 pupillus,

306 645 628 695 assuefactam
658 646 806 693 fuisse

306 712 540 763 similiter

308 779 537 827 instituto
561 778 717 839 patrio

306 858 532 893 sermone
545 859 663 907 puro
677 862 690 900 ;

310 917 359 959 et
378 910 547 973 judico
568 911 658 957 hoc
689 924 745 957 eo
768 908 944 970 magis,

310 976 445 1039 quod
473 975 680 1037 cognovi
708 977 948 1023 neminem

309 1057 375 1093 ex
401 1042 466 1090 iis
487 1041 680 1103 quidem

309 1108 400 1170 qui
426 1107 625 1155 fuerunt
667 1108 719 1155 in
750 1106 913 1169 aliquo
951 1120 1046 1152 nu-

870 1170 1045 1235 [mero,

308 1180 415 1222 tam
437 1173 689 1221 indoctum

307 1239 494 1289 artium
516 1240 846 1298 bonestorum,

309 1311 415 1354 tam
436 1305 626 1354 rudem.

309 1370 400 1420 Ille
421 1376 622 1420 noverat
634 1371 829 1419 nullum
838 1376 1043 1433 poetam,

308 1437 493 1501 legerat
514 1439 707 1486 nullum
730 1444 986 1487 oratorem.

312 1501 589 1567 Collegerat
630 1504 819 1553 nullam
861 1518 1046 1551 memo-

309 1570 620 1632 antiquitatia
634 1587 648 1628 ς
905 1567 923 1632 Ῐ
923 1570 1047 1619 riam

306 1649 408 1684 nou
431 1642 724 1699 cognoverat

304 1698 389 1763 jue
410 1703 680 1765 publicum,

306 1781 409 1815 non
422 1768 668 1830 privatum
679 1772 727 1815 et
741 1766 885 1816 civile
895 1785 910 1815 ι

305 1845 588 1896 quanquam
609 1834 661 1880 id
683 1833 881 1895 quidem

306 1899 409 1946 suit
432 1901 579 1946 etiam
616 1899 669 1946 in
704 1899 830 1959 aliis,

303 1971 357 2013 et
377 1965 655 2012 oratoribus
687 1964 881 2027 quidem
899 1979 1047 2097 neug-

948 2048 1043 2092 me,

304 2044 431 2092 quos
453 2029 665 2077 vidimus

301 2109 483 2158 parum
515 2095 775 2145 instructos

301 2161 386 2209 hia
406 2161 615 2221 artibus,

304 2233 363 2275 ut
390 2226 678 2289 Sulpicium,

301 2300 363 2342 ut
384 2294 678 2343 Antonium.

300 2357 445 2408 Sedii
470 2365 632 2407 tamen
804 2384 811 2390 ·

301 2423 549 2473 habebant
570 2425 873 2474 elaboratum

302 2484 433 2539 illud
465 2507 586 2553 opus
632 2507 786 2539 unum
823 2492 1039 2552 dicendi;

301 2571 550 2619 quumque
566 2557 617 2606 id
637 2565 880 2607 constaret

301 2636 364 2671 cx
389 2624 602 2701 quinque
624 2624 842 2687 partibus

300 2696 588 2743 notissimis,

300 2768 446 2803 nemo
476 2762 663 2818 poterat
686 2754 813 2804 nihil
840 2758 1040 2808 omniuo

299 2818 354 2867 in
374 2821 542 2882 aliqua
563 2829 700 2884 parte
721 2836 888 2870 earum
909 2835 923 2867 z

301 2886 597 2935 claudicaret
615 2887 744 2935 enim
765 2888 908 2950 plane

297 2950 354 3000 in
374 2968 473 3001 una
503 2969 823 3016 quacumque,

299 3031 401 3066 non
422 3029 581 3081 posset
605 3035 705 3067 esse
723 3032 902 3069 orator.

299 3081 393 3132 Sed
423 3093 586 3133 tamen
625 3087 753 3133 alius

296 3151 567 3200 excellebat
589 3153 749 3216 magis

297 3214 356 3264 in
389 3217 505 3264 alia..

297 3279 544 3331 Antonius
565 3282 831 3347 reperiebat

299 3347 420 3408 quid
449 3364 570 3412 opus
593 3357 717 3398 esset
739 3350 854 3407 dici,

298 3418 351 3460 ct
374 3414 615 3474 quomodo
647 3415 908 3479 preparari

297 3484 350 3526 et
376 3492 472 3540 quo
496 3481 606 3528 loco
622 3481 789 3543 locari,

296 3546 829 3611 comprehendebatque
850 3562 907 3597 ea

1103 395 1365 441 BRUTus.
1546 410 1552 415 ·
2041 383 2161 438 233

1106 512 1176 559 les
1192 513 1363 573 petites
1397 512 1564 559 choses
1583 526 1683 559 aux
1701 526 1821 574 gran
1828 510 1954 571 dea),

1101 579 1310 640 quoique
1324 578 1364 625 il
1385 578 1452 625 ait
1481 579 1552 624 ete
1573 576 1717 625 laissa
1738 578 1949 635 mineur,

1100 645 1238 691 avoir
1267 645 1343 692 ete
1372 647 1679 691 accoutumee

1099 710 1437 773 pareillement

1103 777 1134 823 a
1163 777 1417 838 l'exemple
1437 776 1502 823 du
1520 776 1630 837 pere

1106 843 1136 889 ὲ
1160 857 1227 890 un
1241 843 1456 906 langage
1478 858 1599 904 purg

1104 916 1153 956 ct
1166 910 1218 969 je
1244 923 1389 970 pense
1408 909 1516 955 cela
1538 907 1762 955 d'autant
1790 907 1920 970 plus,

1106 989 1200 1036 que
1216 974 1267 1036 je
1283 973 1383 1021 n'ai
1407 989 1569 1022 connu
1591 988 1828 1036 personne

1103 1042 1260 1103 parmi
1295 1056 1416 1088 ceux
1437 1040 1695 1087 du—moins

1104 1108 1188 1167 qui
1208 1113 1292 1153 ont
1315 1109 1388 1154 ete
1407 1122 1467 1153 en
1491 1107 1697 1168 quelque
1716 1106 1899 1163 catinia,

1101 1173 1474 1235 aussietranger

1100 1254 1200 1285 aux
1231 1247 1332 1286 arte
1363 1238 1598 1299 liberaux‚

1100 1305 1231 1351 aussi
1265 1305 1516 1367 ignorant.

1100 1369 1144 1418 11
1167 1386 1224 1416 ne
1236 1370 1534 1419 eonnaiseait
1562 1385 1724 1418 aucun
1749 1374 1902 1433 poe'te,

1101 1435 1140 1484 il
1174 1437 1357 1483 n’avait
1376 1438 1431 1484 lu
1450 1452 1610 1484 aucun
1642 1442 1853 1484 orateur.

1100 1500 1144 1550 11
1179 1503 1364 1549 n’avait
1382 1503 1599 1550 recueilli
1620 1518 1779 1550 aucun
1806 1502 2034 1552 souvenir

1102 1567 1158 1615 de
1182 1568 1673 1616 l’histoire-ancienne
1694 1586 1707 1626 3

1100 1633 1142 1681 il
1165 1650 1225 1680 ne
1244 1635 1545 1682 connaissait
1569 1650 1654 1697 pas

1099 1698 1146 1747 le
1174 1700 1302 1747 droit
1326 1700 1507 1763 public,

1098 1765 1153 1813 ni
1170 1765 1216 1813 le
1237 1768 1359 1814 droit
1379 1768 1514 1829 privo
1538 1773 1586 1814 et
1605 1767 1720 1815 civil
1742 1788 1756 1818 z

1097 1831 1209 1879 bien
1245 1847 1338 1894 que
1363 1848 1415 1880 ce
1435 1835 1592 1895 disant
1613 1834 1866 1884 du-moius

1099 1897 1170 1945 ait
1188 1900 1339 1945 existe
1361 1900 1491 1946 aussi
1509 1899 1630 1947 dane
1654 1899 1879 1961 d'autrea,

1100 1971 1149 2011 et
1177 1972 1395 2013 orateurs
1417 1974 1570 2013 certes
1591 1966 1793 2029 grands,

1099 2044 1192 2091 que
1215 2045 1339 2078 nous
1360 2047 1509 2078 avons
1531 2046 1622 2079 vua

1099 2111 1346 2158 pas-assez
1368 2113 1580 2160 pout-vus

1101 2161 1160 2209 de
1182 2177 1258 2210 ces
1285 2165 1678 2220 connaissances,

1100 2242 1284 2275 comme
1318 2229 1578 2290 Sulpicius,

1097 2308 1286 2342 comme
1307 2297 1533 2343 Antoine.

1097 2359 1225 2411 Mais
1249 2376 1344 2408 eux
1369 2361 1635 2424 cependant

1098 2427 1290 2473 avaient
1317 2428 1536 2475 travaille

1096 2500 1218 2540 cette
1237 2507 1401 2540 oeuvre
1432 2494 1613 2555 unique
1640 2491 1698 2539 de
1720 2492 1774 2540 la
1797 2494 1993 2555 parole;

1094 2564 1143 2606 ct
1165 2574 1354 2607 comme
1371 2560 1466 2608 elle
1491 2561 1610 2608 etait
1629 2562 1878 2622 compesce

1095 2623 1154 2671 de
1172 2626 1284 2687 cinq
1310 2626 1485 2687 parties

1094 2689 1473 2747 bien-connum,

1094 2757 1185 2804 nul
1208 2758 1379 2805 n'etait
1405 2758 1658 2822 incapable
1682 2757 2052 2821 completement

1095 2821 1216 2871 dana
1240 2825 1444 2887 quelque
1470 2827 1622 2886 partie
1653 2825 1819 2872 d’elles
1845 2842 1859 2873 ε

1095 2902 1177 2936 car
1200 2893 1241 2937 si
1262 2890 1300 2938 il
1325 2890 1581 2939 bronchait
1608 2893 1924 2940 entierement

1094 2953 1216 3002 dans
1235 2972 1327 3004 une
1355 2957 1507 3019 partie
1524 2959 1840 3022 quelconque,

1093 3020 1130 3067 il
1148 3035 1206 3068 ue
1231 3024 1452 3085 pom-tait
1473 3025 1572 3070 &tre
1591 3031 1800 3071 orateur.

1093 3086 1219 3136 Maia
1244 3088 1471 3136 toutefois
1493 3089 1596 3137 l’un

1095 3154 1322 3202 excellait
1343 3154 1616 3218 davantage

1095 3217 1215 3266 dana
1239 3235 1336 3267 une
1358 3227 1495 3267 autre
1505 3222 1712 3282 (chacun
1732 3221 1853 3269 dans
1877 3235 1933 3270 sa
1951 3220 2144 3284 partie).

1093 3284 1308 3333 Antoine
1334 3289 1548 3333 trouvait

1094 3352 1209 3411 quoi
1231 3352 1363 3399 avait
1383 3353 1549 3399 besoiu
1580 3353 1731 3401 d’etre
1760 3352 1848 3410 dit,

1093 3424 1141 3462 et
1164 3426 1409 3464 comment
1441 3420 1541 3465 etz-e
1558 3420 1774 3480 prepare,

1094 3489 1142 3528 et
1158 3497 1214 3527 en
1242 3485 1353 3543 quel
1383 3484 1481 3531 lieu
1509 3486 1609 3531 &tre
1636 3484 1789 3546 place,

1092 3555 1141 3595 et
1163 3547 1443 3597 renfermait
1462 3550 1694 3598 tout-cela
