2592 4084
443 342 524 402 96
1239 352 1502 399 saurus,

447 487 575 527 rum
609 470 819 541 ingenii
847 469 937 526 sui
959 486 1068 526 non
1095 470 1434 540 desiderant,
1459 485 1632 544 quum
1667 486 1726 525 se
1759 475 1957 542 putant
1996 470 2131 526 satis
2169 486 2296 527 ma·-

445 584 617 640 gnam
655 567 885 638 adeptos
919 583 1040 624 esse
1078 568 1296 623 dicendi
1331 568 1590 642 gloriam,
1634 584 1871 639 eamque
1915 567 2082 624 etiam
2113 584 2295 642 majo-

447 687 568 726 rem
613 669 795 728 visum
840 670 934 741 iri,
968 671 1016 725 si
1055 670 1113 725 in
1148 670 1584 726 existimantium
1627 669 1916 725 arbitrium
1953 686 2055 726 sna
2089 671 2297 742 scripta

448 783 558 823 non
598 766 898 824 venerint:
938 766 1097 837 alios,
1138 766 1286 838 quod
1328 766 1531 822 melius
1568 771 1763 837 putent
1798 766 1981 823 dicere
2026 783 2085 823 se
2130 784 2294 839 posse

445 878 615 936 quam
642 863 915 933 scriber03
951 862 1100 935 quod
1126 862 1532 934 peringeniosis
1563 860 1902 933 hominibus,
1943 878 2121 934 neque
2159 863 2294 918 satis

447 958 647 1029 doctis,
684 957 1013 1031 plerumque
1045 957 1333 1029 contingit,
1367 962 1429 1011 ut
1454 955 1560 1028 ipsi
1591 955 1795 1012 Galbae.
1838 958 2015 1024 Quem
2057 959 2294 1014 fortasse

447 1058 532 1114 vis
558 1072 665 1111 non
703 1054 916 1128 ingenii
955 1054 1158 1123 solum,
1202 1054 1303 1109 sed
1331 1054 1497 1110 etism
1531 1052 1721 1124 animi,
1761 1058 1819 1109 et
1855 1055 2125 1111 naturalis
2164 1056 2294 1127 qui-

446 1156 576 1211 dam
600 1154 757 1211 dolor
782 1153 1057 1208 dicentem
1074 1149 1422 1223 incendebat,
1453 1150 1857 1224 efficiebatque,
1882 1158 2018 1208 utet
2044 1153 2290 1222 incitata,

447 1254 505 1306 et
523 1252 731 1321 gravis,
763 1254 821 1304 et
842 1249 1147 1305 vehemens
1173 1252 1321 1304 esset
1346 1246 1522 1303 oratio
1543 1264 1557 1319 ;
1583 1245 1712 1303 dein
1736 1264 1910 1320 quum
1939 1248 2154 1304 otiosus
2176 1259 2295 1320 sty-

446 1348 567 1403 lum
592 1348 989 1420 prehenderat,
1019 1354 1310 1420 motusque
1345 1347 1524 1402 omnis
1552 1346 1741 1418 animi,
1772 1353 2034 1419 tanquam
2067 1355 2290 1415 ventus,

444 1447 729 1502 hominem
757 1446 1063 1510 deiecerat,
1086 1443 1452 1502 flaccescebat
1469 1444 1643 1498 oratio
1672 1461 1686 1498 ε
1720 1444 1867 1516 quod
1891 1444 1982 1514 iia,
2009 1445 2106 1517 qui
2124 1444 2291 1502 lima.-

446 1545 559 1601 tius
591 1544 811 1600 dicendi
837 1547 1227 1600 consectantur
1253 1556 1457 1614 genuS,
1486 1540 1742 1595 accidere
1776 1555 1884 1595 non
1927 1540 2089 1612 solet,
2119 1556 2294 1614 prop-

445 1646 600 1698 terea
638 1642 787 1714 quod
828 1640 1123 1712 prudentia
1167 1654 1451 1709 nunquam
1491 1635 1677 1692 deficit
1715 1641 2013 1702 oratorem,
2060 1655 2170 1709 qua
2196 1637 2293 1695 ille

446 1743 611 1793 utens
640 1738 837 1793 eodem
863 1737 1029 1793 modo
1057 1735 1233 1807 possit
1260 1740 1316 1790 et
1345 1734 1527 1790 dicere
1555 1740 1613 1789 et
1634 1734 1900 1804 scribere3
1932 1734 2102 1789 ardor
2120 1732 2295 1788 animi

447 1853 558 1892 non
595 1852 819 1907 semper
855 1835 1037 1906 adest,
1071 1834 1235 1905 isque
1260 1849 1434 1904 quum
1470 1832 1745 1903 consedit*
1770 1830 1950 1887 omnis
1986 1831 2084 1886 illa
2117 1831 2202 1886 vis
2238 1836 2296 1886 et

446 1934 608 2007 quasi
642 1933 866 1989 flamma
893 1931 1128 1989 oratoris
1156 1929 1545 2003 exstinguitur.
1585 1932 1739 1985 Hane
1767 1929 1940 2001 igitur
1969 1930 2036 1984 ob
2067 1943 2293 1984 causam

447 2129 619 2186 nie‚ils
644 2128 831 2175 eroient
858 2127 1000 2202 s’etre
1017 2126 1182 2185 aequis
1211 2125 1369 2188 pst-1⁸
1395 2127 1562 2189 parole
1588 2142 1683 2175 une
1704 2127 1860 2190 gloire
1894 2123 2296 2188 edsezgrunde3st

446 2229 529 2291 qui
570 2232 786 2291 paraitra
812 2227 920 2289 plus
965 2226 1148 2290 grande
1187 2242 1375 2283 encore,
1403 2228 1445 2274 si
1486 2228 1617 2274 leurs
1643 2228 1788 2274 ecrite
1819 2242 1879 2274 ne
1905 2228 2137 2274 viennent
2157 2228 2297 2289 point

447 2326 625 2374 s’offrir
647 2342 747 2374 aux
769 2326 1065 2373 discussions
1092 2324 1151 2372 de
1172 2324 1223 2372 18
1244 2324 1469 2386 critique.
1508 2324 1734 2371 D'autres
1759 2323 1889 2371 enfin
1908 2340 1958 2371 se
1980 2326 2166 2371 eroient
2183 2326 2297 2386 plus

445 2424 666 2488 capables
688 2423 745 2471 de
768 2423 881 2471 bien
909 2424 1069 2485 parler
1091 2438 1183 2485 que
1205 2423 1264 2471 de
1289 2405 1402 2470 bien
1428 2423 1597 2469 ecrite.
1623 2421 1754 2470 C’est
1780 2436 1835 2469 ee
1872 2422 1954 2483 qui
1987 2423 2147 2470 arrive
2170 2438 2298 2471 sou-

445 2531 562 2571 vent
582 2525 612 2570 8
639 2523 723 2570 des
747 2521 971 2570 hommes*
993 2521 1080 2583 qui
1109 2526 1196 2568 ont
1231 2521 1346 2583 plus
1380 2520 1440 2568 de
1465 2520 1621 2567 taient
1650 2520 1844 2567 natural
1866 2535 1962 2582 que
1993 2519 2050 2567 de
2068 2524 2283 2570 connais·

446 2633 612 2666 sanees
636 2618 882 2681 sequises3
910 2626 958 2666 et
989 2619 1057 2666 tel
1086 2619 1204 2665 etait
1237 2617 1414 2666 Galba.
1453 2615 1496 2663 n
1516 2615 1693 2678 parlait
1727 2632 1841 2664 sous
1874 2617 2200 2679 l'inspiratiou
2240 2618 2299 2667 de

445 2729 533 2761 son
558 2718 664 2761 fime
697 2721 873 2762 nutant
917 2729 1010 2776 qun
1049 2713 1111 2760 de
1140 2729 1229 2760 son
1254 2714 1413 2776 genie.
1462 2712 1572 2761 Une
1595 2714 1863 2762 sensibili&
1887 2713 2129 2776 brfllente,
2176 2717 2300 2777 qu’il

446 2812 598 2861 tenuit
619 2813 676 2860 de
704 2814 755 2862 18
777 2819 969 2872 nature,
1012 2813 1216 2861 donnait
1255 2814 1286 2860 8
1316 2827 1405 2860 son
1445 2812 1663 2860 discours
1686 2811 1753 2859 du
1783 2820 2108 2873 mouvement,
2158 2813 2216 2862 de
2248 2815 2295 2861 18

446 2909 596 2971 soree,
624 2909 682 2957 de
715 2911 766 2957 18
798 2909 1116 2965 vehementia
1149 2909 1274 2958 mais
1312 2909 1478 2971 quand
1502 2909 1541 2956 il
1585 2909 1776 2973 prensit
1815 2910 2218 2971 tranquillement
2250 2911 2295 2959 lo

445 3006 627 3070 plume,
653 3014 700 3055 et
713 3021 806 3069 que
828 3006 879 3053 18
897 3005 1110 3069 passion,
1130 3018 1318 3052 comme
1338 3020 1406 3052 un
1426 3012 1541 3052 vent
1561 3005 1644 3067 qui
1666 3005 1846 3063 tombs,
1870 3008 2040 3054 cessait
2061 3006 2297 3056 d’animer

444 3118 532 3150 son
563 3103 841 3164 eloquendo,
868 3101 915 3149 le
952 3102 1175 3150 discours
1210 3101 1540 3163 languis-aim
1574 3115 1628 3149 ee
1662 3101 1747 3163 qui
1769 3102 1979 3150 n’atrive
2011 3117 2100 3164 pes
2125 3104 2155 3149 8
2173 3116 2297 3152 ceux

446 3197 564 3246 dont
584 3200 636 3246 18
659 3199 874 3246 muniere
902 3205 977 3246 est¹
995 3198 1107 3260 plus
1127 3198 1341 3245 chatiee:
1364 3214 1448 3246 car
1469 3199 1699 3246 l’orateur
1722 3203 2156 3262 retrouve'partout
2177 3207 2299 3246 cette

439 3296 650 3360 justesse
679 3295 738 3342 de
761 3297 953 3356 pensees
978 3310 1043 3342 au
1066 3309 1243 3358 moyen
1262 3294 1323 3343 de
1343 3263 1554 3357 laquelle
1575 3295 1613 3342 il
1633 3302 1747 3359 peut
1764 3295 1915 3343 ecrite
1932 3300 1984 3343 et
2005 3295 2170 3358 parler
2182 3310 2301 3344 aveo

442 3394 495 3442 18
528 3397 684 3442 meme
707 3392 973 3455 perfection
999 3411 1012 3454 ς
1036 3391 1161 3440 mais
1195 3391 1591 3439 l'enthousissme
1616 3406 1677 3439 ne
1711 3392 1829 3440 dure
1871 3407 1958 3457 pas
1988 3390 2229 3453 tomba-rs,
2253 3396 2302 3438 et

442 3489 669 3552 lorsqu'il
696 3488 812 3536 s'est
831 3487 1051 3546 refroidi‚
1081 3493 1215 3537 toute
1240 3488 1295 3536 18
1311 3502 1452 3536 serve
1488 3494 1536 3535 et
1557 3493 1665 3535 tout
1688 3488 1738 3536 Ie,
1765 3486 1847 3536 feu
1869 3487 1927 3535 de
1944 3488 2175 3536 l’orsteur
2202 3488 2303 3534 s'e-
