2592 4084
455 288 478 343 l
491 288 524 343 9
533 287 566 343 ὃ
1245 295 1507 341 BBUTUS·

448 414 543 487 qui
575 410 938 482 intelligunt?
968 440 1039 451 —
1057 412 1230 467 Recte
1263 409 1524 482 requiriS‚
1551 410 1797 482 inquam,
1828 415 2034 482 Att10e3
2064 412 2166 468 sed
2193 429 2292 468 au-

447 513 567 567 dies
585 527 653 565 ex
677 527 766 566 me
797 509 1053 575 fortasse,
1084 507 1231 579 quod
1254 524 1363 563 non
1386 524 1577 564 omnes
1599 508 1851 580 probent.
1881 541 1948 550 —
1982 516 2065 565 An
2090 516 2180 577 tu,
2207 510 2291 565 in-

446 608 584 681 quit,
605 605 667 661 id
688 605 930 678 laboraS,
957 605 1006 661 si
1024 604 1156 660 huic
1174 606 1339 660 modo
1360 608 1531 662 Bruto
1556 606 1888 677 probaturus
1912 607 2007 662 es?
2021 637 2085 648 -
2099 607 2288 671 Plane,

445 708 699 780 inquam,
730 706 940 777 Attice,
977 706 1413 776 disputationem
1454 706 1597 762 hane
1635 706 1703 762 de
1741 713 1961 764 oratore
2007 708 2291 779 probando

443 812 540 864 aut
572 806 957 878 improbando,
1003 806 1180 860 multo
1221 804 1417 860 malim
1448 804 1548 861 tibi
1587 811 1642 860 et
1680 808 1851 861 Bruto
1881 805 2139 878 plaeere;
2174 807 2289 863 elo-

445 905 731 979 quentiam
776 908 963 959 autem
1000 919 1181 958 meam
1218 902 1422 974 populo
1461 900 1689 973 probari
1726 902 1915 959 velim.
1946 904 2163 959 Etenim
2192 922 2288 959 ne-

443 1018 598 1058 eesse
622 1006 726 1071 est,
753 999 849 1072 qui
874 999 951 1054 ita
975 999 1145 1070 dieat,
1180 1004 1242 1053 ut
1278 1014 1313 1053 a
1333 997 1689 1054 multitudine
1712 999 2000 1069 probetur,
2032 1001 2291 1055 eumdem

443 1100 619 1156 doctis
647 1096 896 1170 probari.
948 1098 1108 1166 Nam,
1145 1096 1280 1168 quid
1322 1095 1381 1150 in
1421 1095 1654 1151 dicendo
1688 1102 1904 1151 rectum
1929 1097 2023 1162 sit,
2048 1104 2145 1153 aut
2170 1113 2272 1169 pra

442 1210 596 1265 vum,
636 1209 741 1263 ego
777 1191 1059 1264 judicabO,
1103 1191 1149 1246 si
1194 1191 1359 1248 modo
1410 1192 1458 1246 is
1485 1208 1658 1272 -sum,v
1693 1192 1788 1264 qui
1827 1192 1886 1248 id
1932 1194 2145 1265 possim
2191 1201 2287 1251 aut

441 1292 612 1347 seiam
651 1290 932 1364 judieare3
976 1289 1157 1361 qualis
1197 1305 1332 1346 vero
1370 1289 1445 1345 sit
1486 1295 1691 1361 orator,
1733 1306 1801 1345 ex
1828 1307 1912 1363 eo,
1947 1292 2095 1363 quod
2128 1293 2177 1348 is
2205 1293 2287 1348 di-

440 1389 612 1446 cendo
642 1387 864 1453 efficiet,
901 1386 1109 1458 poterit
1144 1387 1404 1458 intelligi.
1437 1387 1566 1442 Tria
1601 1393 1730 1442 sunt
1756 1388 1905 1442 enim
1940 1391 2024 1456 (ut
2063 1388 2290 1461 quidem

441 1502 547 1559 ego
595 1485 825 1558 sentio),
865 1500 990 1556 quae
1031 1483 1140 1539 sint
1179 1482 1471 1540 efficienda
1502 1483 1736 1540 dicendo
1777 1501 1793 1539 ι
1831 1491 1893 1541 ιιι
1934 1486 2202 1541 doceatur
2236 1487 2286 1542 is

440 1583 591 1656 apud
626 1598 793 1653 quem
829 1581 1061 1651 dicetur,
1105 1587 1168 1636 ut
1202 1577 1534 1653 delectetur,
1578 1587 1639 1636 ut
1666 1587 1961 1638 moveatur
1983 1583 2288 1639 vehemen-

438 1681 570 1737 tius,
611 1679 822 1747 Quibus
858 1678 1159 1737 virtutibus
1195 1679 1433 1735 oratoris
1473 1679 1674 1734 horum
1717 1680 1961 1752 quidque
1994 1680 2285 1752 efficiatur,

331 1802 349 1820 ι
438 1783 536 1833 aut
567 1776 770 1849 quibus
800 1776 952 1834 vitiis
996 1781 1183 1831 orator
1206 1783 1303 1831 aut
1335 1791 1445 1831 non
1468 1780 1797 1847 assequatur
1831 1776 1972 1847 haee,
1999 1782 2098 1832 aut
2122 1776 2287 1833 etiam

438 1874 496 1928 in
516 1874 604 1929 his
623 1873 841 1930 labatur
862 1879 918 1929 et
939 1873 1122 1944 eadat,
1147 1872 1344 1928 artifex
1364 1870 1567 1945 aliquis
1584 1872 1877 1944 judicabit.
1899 1873 2183 1931 Efficiatur
2197 1890 2288 1930 au-

434 2142 653 2191 hommes
691 2137 922 2187 eolaires?
946 2162 1014 2174 —
1040 2136 1192 2185 Voti-e
1227 2136 1451 2199 question
1482 2144 1553 2186 est
1586 2137 1878 2201 judieieuse,
1910 2138 2122 2187 Atticus.
2160 2141 2288 2191 Mais

437 2249 558 2283 vous
586 2233 707 2281 allez
742 2234 988 2295 peut-etro
1010 2230 1241 2279 entendre
1279 2246 1377 2279 une
1397 2234 1601 2295 reponse
1623 2234 1707 2294 qui
1731 2239 1958 2281 trouvera
1982 2232 2065 2280 des
2087 2244 2290 2284 eontra-
2379 2261 2384 2268 =

435 2327 663 2377 dicteurs.
702 2351 766 2362 -
797 2324 904 2385 Que
931 2339 1051 2373 vous
1082 2326 1304 2387 importe,
1348 2324 1579 2387 repitit-il,
1625 2339 1816 2387 pourvu
1848 2325 2021 2387 qu’elle
2065 2328 2160 2376 soit
2190 2342 2288 2392 np—

433 2422 640 2485 prouvee
663 2419 722 2467 de
745 2419 928 2467 Brutus
942 2415 969 2468 P.
985 2446 1038 2455 -—
1055 2417 1099 2466 11
1126 2429 1197 2465 est
1219 2418 1342 2479 νηί,
1369 2417 1578 2476 Atticae,
1611 2431 1705 2479 que
1733 2417 1853 2465 dans
1873 2424 1993 2466 cette
2015 2417 2290 2471 disouseion

433 2533 518 2567 sur
538 2517 586 2565 18
604 2518 702 2565 bon
732 2532 796 2564 οιι
815 2516 864 2564 18
891 2515 1114 2563 mauvais
1139 2516 1305 2565 succes
1326 2513 1382 2561 de
1404 2513 1657 2574 l'orateur,
1686 2514 1806 2562 o'est
1829 2513 1890 2561 de
1907 2521 2042 2562 votre
2068 2514 2289 2581 suffrage

433 2619 482 2660 et
514 2611 574 2659 de
601 2610 728 2658 celui
748 2613 808 2657 de
828 2610 1013 2659 Brutus
1038 2625 1129 2673 que
1147 2610 1197 2673 je
1219 2610 1321 2657 suis
1341 2609 1387 2656 18
1405 2609 1518 2671 plus
1533 2607 1727 2671 jaloux.
1749 2607 1875 2655 Mais
1900 2608 2067 2671 quand
2085 2609 2135 2671 je
2153 2611 2289 2674 parle

431 2715 493 2750 en
532 2703 714 2765 public,
748 2701 798 2765 je
837 2703 993 2751 desire
1025 2704 1098 2751 les
1122 2701 1363 2765 suffrages
1385 2700 1451 2747 du
1474 2701 1681 2764 peuple:
1724 2716 1805 2749 ear
1828 2702 1957 2749 celui
1981 2703 2064 2764 qui
2097 2704 2191 2751 snit
2216 2704 2289 2752 188
2335 2728 2343 2734 ·

431 2796 622 2843 obtenir
644 2804 715 2843 est
735 2798 819 2845 sur
840 2794 897 2842 de
917 2795 1068 2858 pluite
1087 2795 1362 2856 &galement
1382 2807 1482 2841 aux
1502 2808 1621 2858 gene
1640 2794 1883 2843 instruite.
1909 2795 1988 2843 En
2012 2795 2137 2854 esset,
2164 2811 2284 2847 aveo

433 2893 499 2940 du
517 2892 774 2956 jugement
800 2900 849 2941 et
875 2893 940 2940 du
966 2893 1106 2956 gout,
1143 2891 1194 2954 je
1216 2890 1416 2953 pout-rai
1438 2891 1545 2939 voir
1568 2906 1622 2939 88
1645 2892 1765 2955 qu’il
1798 2908 1833 2956 y
1858 2908 1889 2941 a
1916 2893 1977 2942 de
1995 2895 2092 2943 bon
2122 2910 2185 2943 ou
2224 2895 2290 2943 de

430 2985 652 3033 mauvais
689 2985 812 3033 dans
839 3001 906 3035 un
932 2983 1175 3049 discour33
1213 2984 1339 3030 mais
1369 2999 1433 3032 on
1466 2999 1528 3031 ne
1548 2993 1665 3047 peut
1692 2985 1837 3050 juger
1856 3002 1925 3035 un
1962 2995 2156 3036 orateur
2191 3002 2289 3049 que

429 3089 518 3137 par
538 3075 606 3122 188
627 3073 762 3123 effeto
781 3074 903 3137 qu'il
927 3071 1139 3136 produit.
1167 3072 1256 3121 088
1277 3070 1410 3120 effeta
1435 3069 1649 3131 doivent,
1673 3076 1704 3122 ὲ,
1736 3090 1789 3124 88
1817 3075 1939 3138 qu’il
1967 3091 2046 3123 me
2077 3076 2282 3134 semble,

431 3170 531 3215 &tre
575 3183 639 3216 au
662 3168 865 3216 nombre
905 3166 964 3214 de
998 3165 1121 3213 trois
1146 3185 1161 3218 ς
1185 3165 1419 3214 instruite
1454 3180 1529 3213 888
1563 3166 1831 3224 auditune,
1875 3167 1981 3215 leur
2016 3167 2185 3230 pluite,
2210 3168 2289 3217 188

431 3258 650 3309 toacher.
684 3259 777 3308 Les
791 3262 989 3307 matti-es
1012 3257 1072 3306 de
1097 3257 1211 3306 l’art
1234 3264 1545 3320 remarquent
1568 3272 1656 3320 par
1680 3260 1816 3321 queis
1840 3269 2018 3307 secrete
2039 3259 2106 3307 du
2128 3260 2288 3308 taleni:

428 3352 466 3400 il
490 3352 685 3414 templit
704 3351 920 3400 ehaeune
943 3350 1001 3399 de
1019 3365 1096 3398 888
1118 3349 1412 3406 conditionis,
1441 3366 1504 3399 ou
1527 3365 1615 3412 par
1635 3350 1770 3412 quels
1801 3351 1990 3399 defauts
2010 3352 2047 3399 il
2070 3365 2287 3414 manque

427 3445 473 3491 18
504 3444 612 3502 but,
654 3458 717 3491 ou
748 3446 903 3492 meme
936 3444 1009 3509 a'y
1044 3444 1172 3493 brise
1204 3453 1250 3493 et
1288 3460 1321 3507 y
1347 3443 1438 3492 fait
1456 3442 1712 3506 naufrago.
1746 3444 1871 3491 Mais
1894 3444 2175 3506 produit-il,
2216 3460 2284 3492 ou
