2592 4084
472 336 497 391 1
515 337 582 392 12
990 417 994 419 .
1265 347 1528 393 saurus.

463 463 604 536 puli,
639 462 840 535 quibus
880 460 1073 517 aderat
1111 461 1306 533 Garbe,
1333 460 1449 532 jam
1489 462 1670 533 magis
1701 468 1994 534 patronum
2029 444 2316 526 desidera·-

458 559 611 626 bant,
664 556 869 613 tabella
914 556 1068 625 data;
1127 570 1295 627 quam
1349 556 1532 626 legem
1585 559 1643 613 L.
1703 557 1945 631 Cassius,
1997 560 2208 632 Lepido
2256 570 2312 620 et

459 651 710 708 Mancino
734 647 1071 713 consulibuS,
1103 647 1248 702 tulit.

526 749 763 805 XXVIII.
793 749 984 801 Vester
1011 744 1176 799 etiam
1205 745 1268 799 D.
1309 748 1527 812 BrutuS,
1558 747 1632 800 M.
1664 744 1833 816 filius,
1861 751 1924 802 ut
1950 764 2014 802 ex
2045 749 2306 807 familiari

454 823 575 914 ejus
602 844 665 896 L.
688 840 834 896 Attio
859 844 1024 911 poeta
1046 854 1171 893 sum
1194 838 1388 893 audire
1422 837 1636 908 solituS,
1669 844 1726 894 et
1755 840 1937 896 dicere
1973 859 2079 898 non
2103 845 2303 902 inculte

453 932 686 1002 solebat,
714 937 770 985 et
796 936 917 985 erat
942 945 1114 1001 quum
1145 927 1343 983 litteris
1368 928 1593 1000 Latinis,
1623 933 1744 984 tum
1786 930 1948 986 etiarn
1987 934 2208 1001 Graecis,
2240 942 2303 991 ut

449 1026 796 1098 temporibus
819 1024 953 1090 illis,
987 1023 1253 1078 eruditus,
1291 1025 1424 1089 Quae
1451 1023 1729 1081 tribuebat
1752 1024 1901 1080 idem
1928 1028 2108 1084 Attius
2134 1029 2299 1085 etiam

450 1120 516 1184 Q.
548 1118 806 1188 Maximo,
837 1119 897 1171 L.
928 1115 1108 1172 Paulli
1132 1116 1352 1187 nepoti:
1384 1121 1441 1170 et
1466 1131 1597 1172 vero
1621 1121 1748 1173 ante
1787 1117 2113 1192 Maximum,
2140 1120 2298 1177 illum

446 1208 781 1281 Scipionem,
823 1223 932 1281 quo
975 1208 1114 1262 duce
1150 1206 1363 1277 privato
1398 1206 1516 1262 Tib.
1557 1208 1838 1264 Gracchus
1876 1211 2089 1268 occisus
2126 1217 2292 1282 esset,

444 1318 616 1375 quum
648 1301 902 1356 omnibus
937 1300 995 1356 in
1023 1300 1189 1355 rebus
1216 1298 1627 1370 vehementem,
1665 1305 1784 1355 tum
1813 1316 1997 1358 acrem
2020 1304 2203 1360 aiebat
2236 1304 2295 1361 in

445 1393 676 1449 dicendo
719 1394 910 1450 fuisse.
949 1395 1089 1449 Tum
1127 1394 1292 1449 etiam
1337 1396 1396 1449 P.
1447 1393 1716 1449 Lentulus
1759 1394 1852 1451 ille
1899 1398 2175 1471 priuceps,
2220 1401 2293 1456 ad

443 1484 844 1556 rempublicam
872 1484 1135 1539 duntaxat
1160 1482 1306 1556 quod
1336 1499 1476 1553 opus
1511 1489 1679 1555 esset,
1714 1486 1850 1541 satis
1885 1487 2139 1544 habuisse
2170 1490 2294 1547 elo-

441 1578 683 1648 quentiae
725 1575 942 1631 dicitur.
985 1575 1304 1647 Iisdemque
1355 1575 1702 1646 temporibus
1744 1579 1805 1633 L.
1854 1578 2051 1633 Furius
2091 1580 2289 1637 Philus

442 1668 682 1738 perbene
711 1667 878 1723 latine
907 1666 1060 1740 loqui
1086 1665 1401 1738 putabatur,
1429 1664 1852 1739 litteratiusque,
1887 1684 2053 1739 quam
2086 1671 2281 1726 ceteri.

439 1764 503 1817 P.
536 1761 781 1819 Scaevola
808 1760 971 1818 valde
1011 1758 1315 1833 prudenter
1353 1764 1407 1813 et
1446 1764 1626 1831 acute,
1666 1759 1848 1830 paullo
1891 1761 2057 1816 etiam
2095 1764 2287 1833 copio-

434 1854 583 1926 sius3
612 1870 714 1910 nec
737 1854 915 1909 multo
938 1853 1122 1907 minus
1147 1851 1455 1923 prudenter
1475 1852 1547 1905 Μ’
1568 1851 1845 1907 Manilius.
1865 1852 2024 1925 Appii
2043 1853 2283 1929 Claudii,

433 2073 623 2120 revenit
642 2074 674 2120 a
691 2071 899 2129 Carbon,
922 2070 1204 2134 j’ajouterai
1218 2086 1329 2133 que,
1357 2071 1525 2134 depuis
1545 2072 1733 2136 l’usage
1754 2071 1836 2121 des
1853 2073 2064 2122 scrutina
2081 2083 2274 2138 secrete,

428 2151 580 2199 etabli
601 2167 688 2214 par
717 2150 913 2201 Cassius
940 2165 1052 2198 sous
1076 2149 1144 2198 les
1166 2151 1364 2197 consuls
1403 2151 1661 2199 Mancinus
1682 2156 1730 2198 et
1752 2150 1978 2213 Lepidus,
2013 2152 2082 2201 les
2111 2169 2278 2204 causes

430 2232 665 2279 soumises
710 2245 774 2279 au
812 2229 1071 2293 jugement
1116 2228 1181 2277 du
1214 2230 1385 2293 peuple
1420 2230 1613 2277 avaient
1640 2231 1753 2292 plus
1784 2245 1878 2292 que
1895 2231 2073 2296 jamais
2108 2234 2275 2283 besoin

430 2311 500 2359 du
522 2326 714 2359 secours
737 2311 795 2357 de
815 2310 1126 2372 l'eloquence.

495 2390 729 2440 XXVIII.
760 2389 913 2439 Votre
935 2389 1139 2447 tamille,
1172 2388 1375 2446 Brutus,
1401 2404 1430 2437 a
1463 2388 1663 2452 produit
1682 2391 1814 2437 aussi
1843 2405 1913 2437 un
1939 2389 2130 2439 homme
2154 2389 2274 2441 dont

412 2469 517 2535 „j’ai
561 2477 768 2516 souvent
806 2468 1018 2515 entendu
1055 2466 1178 2514 faire
1215 2468 1390 2530 l’eloge
1440 2482 1528 2529 par
1568 2467 1614 2515 16
1646 2470 1784 2530 poete
1817 2469 1985 2517 Attius
2027 2485 2113 2517 son
2150 2454 2270 2519 ami.

427 2549 560 2597 C’est
581 2549 829 2605 Decimus,
855 2547 934 2595 fils
957 2547 1014 2594 de
1038 2547 1234 2594 Marcus
1261 2563 1274 2593 ι
1300 2547 1340 2593 il
1363 2546 1664 2609 s’exprimait
1681 2562 1797 2595 avec
1815 2562 1950 2596 assez
1972 2548 2265 2613 d’ele'gance‚

422 2637 473 2675 et
505 2628 744 2691 possedait
770 2628 866 2676 sort
889 2627 1002 2674 bien
1025 2641 1148 2689 pour
1172 2641 1260 2673 son
1286 2632 1441 2688 temps
1466 2626 1536 2674 les
1559 2627 1723 2675 lettres
1742 2642 1974 2690 greeques
1997 2635 2046 2675 et
2068 2628 2262 2678 latinas.

421 2710 588 2755 Attius
615 2707 808 2755 rendait
840 2706 886 2752 le
917 2707 1073 2752 meme
1095 2705 1404 2768 temoignage
1441 2704 1503 2751 de
1538 2703 1600 2765 Q.
1632 2704 1897 2765 Maximus,
1936 2706 2167 2769 petit-fils
2205 2708 2265 2757 dc

422 2786 480 2838 L.
523 2787 725 2836 Paulus.
771 2788 934 2834 Avant
970 2785 1217 2833 Maximus
1235 2819 1247 2842 ,
1289 2784 1327 2831 il
1370 2785 1507 2831 eitait
1540 2799 1713 2834 encore
1750 2786 1874 2834 celui
1919 2786 2001 2834 des
2043 2786 2264 2850 Scipions

421 2868 522 2929 qui,
550 2882 663 2914 sans
695 2868 795 2914 &tre
817 2868 985 2914 revetu
1015 2865 1252 2912 d'aucune
1280 2864 1488 2911 autorite
1519 2864 1769 2927 publique,
1804 2866 1968 2913 donna
1994 2867 2045 2913 la
2073 2875 2203 2913 mort
2233 2871 2264 2915 a

418 2947 645 2994 Tiberius
669 2944 933 2995 Gracchus.
962 2943 1027 2992 Ge
1052 2944 1277 2999 Romaiu,
1306 2944 1433 2990 selon
1458 2944 1551 3001 lui,
1587 2946 1767 3006 portait
1791 2945 1914 2992 dans
1936 2960 2012 2992 ses
2041 2945 2260 2993 discours

417 3034 551 3075 toute
576 3026 807 3088 l’energie
836 3023 894 3071 de
925 3039 1012 3071 son
1045 3025 1288 3071 caractere
1316 3024 1589 3086 passienus.
1627 3026 1869 3086 Aj0utons
1901 3026 1958 3073 P.
1992 3024 2248 3083 Lentulus,

415 3106 582 3168 prince
602 3105 668 3152 du
692 3107 829 3151 senat
851 3120 864 3151 ε
891 3104 929 3150 il
953 3110 1052 3159 eut,
1085 3101 1263 3161 dit-on,
1297 3110 1432 3151 toute
1464 3102 1763 3166 l'eloquence
1785 3104 1870 3166 qui
1899 3110 1972 3151 est
1993 3105 2257 3152 necessaire

417 3189 448 3233 a
465 3187 695 3234 l’homme
715 3172 891 3232 d’sstat.
919 3184 1162 3246 Aj0utons
1185 3197 1359 3231 encore
1385 3183 1441 3231 L.
1470 3183 1661 3241 Philus,
1701 3188 1947 3234 renomme
1968 3200 2058 3247 par
2089 3186 2140 3233 la
2163 3201 2257 3248 pn-

412 3270 514 3314 rete
538 3265 595 3311 de
623 3279 711 3312 son
735 3263 876 3325 style,
905 3275 952 3310 et
975 3264 1085 3325 plus
1110 3261 1250 3310 lettre
1282 3277 1375 3325 que
1397 3263 1467 3309 les
1489 3263 1792 3325 precedents3
1819 3265 1877 3312 P.
1915 3264 2129 3320 scevola,
2166 3267 2250 3327 qui

410 3360 464 3393 se
485 3342 775 3406 distinguait
797 3356 885 3404 par
924 3342 974 3388 la
1002 3341 1172 3389 fines-se
1210 3351 1257 3389 et
1294 3343 1343 3389 16
1366 3341 1640 3405 jugement,
1668 3351 1715 3391 et
1745 3347 1901 3392 meme
1930 3359 2020 3407 par
2044 3345 2252 3406 quelque

409 3425 716 3482 abondance;
743 3424 807 3471 Μ’
830 3423 1081 3480 Manilius,
1110 3424 1230 3472 dont
1256 3425 1327 3472 les
1358 3425 1586 3472 lumieres
1609 3426 1853 3488 egulaient
1878 3440 2079 3488 presque
2102 3427 2250 3475 celles

412 3505 470 3552 de
490 3504 719 3564 Scevola3
752 3502 881 3551 enfin
907 3505 1092 3567 Appius
1114 3503 1366 3567 Claudius,
1392 3506 1473 3567 qui
1502 3506 1632 3552 avait
1651 3503 1709 3551 de
1730 3505 1780 3551 la
1798 3504 1999 3563 facilus,
2030 3506 2154 3553 mais
2177 3520 2248 3553 un
