2592 4084
516 373 633 428 284
958 410 965 419 0
1248 398 1255 405 ·
1303 382 1573 430 BRUTUS.

515 505 664 555 recte
684 498 930 571 quidem,
955 499 1205 570 inquam,
1234 501 1429 571 Brute3
1459 499 1624 555 modo
1653 498 1856 554 sithoc
1884 498 2121 553 Caesaris
2142 497 2380 570 judicii,

513 616 623 656 non
651 599 1038 658 benivolentiae
1060 600 1461 656 testimonium.
1485 599 1617 656 Plus
1649 598 1800 656 enim
1835 606 1983 656 certe
2013 599 2205 655 attulit
2235 600 2378 657 huic

512 698 719 770 populo
747 699 1057 771 dignitatiS,
1087 698 1341 772 quisquis
1372 703 1456 753 est
1487 697 1604 768 ille,
1631 698 1682 754 si
1703 698 1873 755 modo
1895 704 1982 753 est
2016 697 2245 770 aliquis,
2273 697 2376 770 qui

512 818 622 858 non
646 801 951 857 illustravit
975 802 1159 864 modo,
1194 800 1294 856 sed
1327 800 1498 856 etiam
1524 799 1721 872 genuit
1746 799 1806 855 in
1837 799 1947 856 hac
1975 800 2115 855 urbe
2146 800 2377 857 dicendi

510 906 750 980 copiam,
781 922 948 978 quam
975 904 1078 971 illi,
1118 906 1211 977 qui
1239 904 1507 975 Ligurum
1533 903 1763 959 castella
1787 911 2277 978 expugnaverunt3
2307 924 2374 963 ex

510 1008 713 1082 quibus
736 1007 897 1063 multi
922 1012 1072 1072 sunt,
1101 1012 1164 1062 ut
1183 1006 1359 1071 scitis,
1388 1006 1675 1077 triumphi.
1703 1007 1907 1062 Verum
1937 1007 2171 1078 quidem
2192 1008 2240 1062 si
2270 1024 2377 1063 au-

511 1109 629 1164 dire
669 1107 948 1171 volumuS,
986 1107 1206 1163 omissis
1248 1106 1362 1162 illis
1406 1107 1610 1165 divinis
1650 1107 1922 1178 consiliis,
1964 1108 2175 1179 quibus
2225 1093 2370 1180 saepe

510 1209 805 1266 constituta
848 1215 954 1272 est,
994 1207 1394 1279 imperatorum
1440 1207 1734 1280 sapientia,
1784 1208 1936 1265 salus
1986 1211 2233 1268 civitatis
2274 1217 2378 1269 aut

508 1310 643 1368 belli
670 1315 765 1366 aut
787 1311 960 1382 domi3
996 1309 1167 1366 multo
1198 1309 1380 1380 magis
1406 1314 1593 1365 orator
1617 1314 1842 1381 praestat
1866 1308 2099 1365 minutis
2123 1312 2371 1382 impera-

508 1410 740 1466 toribus.
767 1413 835 1465 At
858 1410 1083 1482 prodest
1114 1410 1240 1482 plus
1275 1410 1599 1481 imperator.
1637 1409 1775 1476 Quis
1799 1410 2010 1481 negat?
2037 1412 2141 1466 sed
2176 1418 2373 1469 tamen

508 1514 639 1582 (non
676 1518 886 1580 metuo,
915 1529 982 1568 ne
1024 1512 1160 1568 mihi
1188 1512 1508 1568 acclametis
1536 1528 1550 1568 :
1580 1517 1666 1567 est
1695 1516 1916 1584 autem,
1944 1512 2099 1585 quod
2134 1514 2370 1586 sentias»,

509 1612 726 1669 dlcendi
747 1613 889 1670 liber
911 1614 1090 1684 locus)
1114 1613 1306 1670 malim
1328 1611 1468 1669 mihi
1490 1613 1551 1669 L.
1581 1613 1766 1668 Crassi
1785 1629 1955 1668 unam
1977 1628 2079 1685 pro
2108 1615 2185 1669 Μ’
2203 1615 2374 1670 Curi-o

506 1713 827 1781 dictionem,
853 1732 1020 1789 quam
1058 1715 1392 1772 castellanos
1418 1714 1733 1787 triumphos
1772 1715 1901 1771 duo.
1936 1719 2002 1770 At
2037 1715 2166 1788 plus
2196 1718 2371 1773 inter-

506 1815 612 1871 fuit
629 1816 973 1889 reipublicae,
1001 1814 1292 1873 castellum
1313 1815 1436 1887 capi
1462 1816 1753 1887 Ligurum,
1778 1832 1950 1890 quam
1974 1817 2122 1874 bene
2143 1817 2371 1874 defendi

504 2052 605 2086 eux
631 2032 896 2101 triumphes
921 2037 979 2085 de
999 2038 1252 2100 beaucoup
1274 2037 1333 2084 de
1354 2052 1446 2086 noe
1472 2038 1738 2101 generaux.
1761 2064 1829 2075 —
1850 2037 1991 2085 Vous
2025 2052 2141 2085 avez
2173 2040 2368 2097 raison,

503 2125 703 2181 Brutus,
729 2123 954 2186 reptio-je
975 2124 1006 2170 δ
1031 2138 1148 2172 mon
1171 2130 1305 2184 tour,
1340 2124 1383 2173 si
1418 2133 1497 2174 cet
1529 2125 1669 2189 eloge
1704 2139 1799 2187 que
1829 2139 1909 2172 me
1944 2123 2103 2172 donne
2124 2125 2277 2174 Ce'sar
2299 2135 2373 2175 eet

502 2210 822 2274 l'expression
848 2211 908 2259 de
944 2227 1034 2260 eon
1067 2213 1267 2276 opinion
1297 2221 1348 2261 et
1376 2228 1476 2262 non
1508 2212 1568 2262 de
1596 2228 1653 2261 sa
1683 2213 2056 2262 bienveillance.
2093 2213 2212 2274 car,
2253 2231 2372 2263 sens

504 2300 668 2360 doute,
695 2301 773 2350 e’il
796 2307 868 2350 est
888 2317 956 2350 un
989 2300 1185 2350 homme
1210 2303 1295 2364 qui
1324 2301 1720 2351 nou-seulement
1745 2301 1820 2350 uit
1849 2302 2035 2350 enrichi
2061 2301 2374 2365 I’ffloquenoe

501 2393 739 2456 romaine,
773 2392 898 2441 mais
929 2392 1014 2456 qni
1045 2393 1093 2440 le
1119 2392 1330 2457 premier
1365 2392 1435 2440 ait
1465 2398 1638 2441 ouvert
1668 2390 1789 2439 daus
1812 2391 1964 2440 Rome
1984 2393 2057 2439 les
2080 2406 2283 2440 sources
2310 2394 2372 2441 de

500 2479 819 2544 l’eloquence‚
851 2487 928 2529 cet
948 2479 1160 2539 homme,
1196 2482 1312 2543 quel
1344 2480 1467 2543 qu’il
1497 2481 1609 2536 soit,
1636 2496 1668 2528 a
1695 2479 1787 2528 fait
1807 2480 1919 2543 plue
1951 2479 2227 2528 d’heuneur
2251 2484 2284 2528 ὲ
2311 2496 2374 2530 en.

499 2569 658 2631 patrie
673 2583 769 2632 que
789 2568 860 2616 les
887 2567 1186 2632 vainqueurs
1213 2568 1297 2616 des
1320 2568 1482 2631 places
1507 2560 1566 2617 de
1585 2568 1635 2617 le
1660 2568 1877 2633 Ligurie‚
1910 2568 2030 2616 dont
2052 2568 2106 2616 la
2129 2573 2372 2632 conquflte

499 2671 531 2705 e
550 2656 712 2705 donne
733 2657 850 2715 lieu,
875 2671 1067 2706 comme
1086 2671 1209 2706 vous
1232 2671 1392 2714 cevez,
1420 2658 1452 2704 ὰ.
1471 2656 1724 2721 beaucoup
1745 2656 1805 2705 de
1827 2657 2110 2721 triomphes.
2131 2657 2198 2706 Et
2212 2661 2242 2706 ὲ
2267 2659 2371 2708 dire

499 2743 625 2805 πεί,
660 2743 703 2790 si
741 2742 847 2791 l'on
884 2750 1081 2805 excepte
1117 2757 1198 2791 ces
1237 2742 1451 2806 grandes
1485 2743 1805 2806 inspirationi·
1846 2743 1913 2791 du
1948 2745 2107 2806 genie,
2136 2760 2229 2807 par
2265 2745 2372 2794 lee-

501 2830 686 2893 quelles
709 2830 793 2878 des
820 2830 1071 2894 generant
1093 2838 1181 2879 ont
1212 2831 1325 2894 plus
1350 2830 1500 2878 d’une
1525 2831 1625 2879 fois
1652 2833 1802 2881 seuve
1833 2818 1988 2882 l'lijtat
2015 2836 2238 2894 meum,
2270 2836 2368 2884 ecit

499 2930 565 2964 eu
587 2915 791 2977 dedens,
816 2917 912 2965 soit
933 2931 1000 2965 eu
1026 2915 1220 2975 debore,
1263 2931 1332 2965 un
1375 2917 1477 2965 bon
1505 2922 1701 2966 orateur
1722 2918 1978 2982 l’emporte
2001 2920 2255 2985 beaucoup
2279 2938 2367 2971 sm·

499 3019 570 3053 un
605 3005 846 3069 capitaine
869 3005 1136 3055 ordinaire.
1173 3004 1302 3054 Meis
1337 3005 1409 3054 lec
1445 3007 1654 3056 eervices
1693 3006 1815 3056 d'un
1855 3008 2057 3072 general
2095 3017 2214 3058 sent
2250 3012 2365 3073 plus

501 3093 673 3141 utiles!
702 3091 799 3153 Qui
814 3092 862 3141 le
883 3089 998 3141 uie?
1022 3098 1072 3141 et
1092 3091 1366 3154 oependant
1387 3092 1456 3154 (je
1480 3107 1545 3141 ne
1570 3093 1733 3142 crains
1760 3108 1849 3158 pas
1873 3109 1968 3158 que
1983 3109 2111 3142 vom
2140 3096 2368 3146 m’accu-

496 3182 597 3235 Jiez
623 3180 849 3230 d’abuser
866 3180 934 3229 du
955 3181 1086 3230 droit
1113 3196 1209 3244 que
1239 3183 1431 3232 chacun
1463 3182 1522 3230 de
1553 3197 1680 3231 nous
1709 3198 1741 3232 e.
1766 3183 1827 3233 de
1856 3182 1961 3232 dire
1994 3199 2084 3233 son
2114 3187 2359 3249 opinion).

494 3270 763 3339 feimerais
779 3271 945 3319 mieux
968 3272 1104 3319 avoir
1124 3271 1217 3322 fait
1231 3272 1278 3319 le
1297 3271 1405 3320 seul
1424 3271 1679 3335 pleitloyer
1698 3272 1759 3321 de
1777 3273 1985 3323 ctum
2011 3288 2140 3336 pour
2168 3274 2239 3323 Μ’
2259 3274 2361 3325 Cu-

495 3361 624 3421 rius,
646 3374 739 3423 que
765 3359 952 3409 d'avoir
972 3361 1216 3426 triomphe
1250 3361 1379 3409 deux
1400 3361 1494 3410 fois
1515 3376 1641 3424 pour
1662 3360 1713 3408 la
1733 3362 1862 3425 prise
1889 3362 1947 3410 de
1970 3362 2204 3425 quelques
2236 3363 2361 3411 ch&—

497 3453 664 3498 teaux.
698 3449 824 3498 Mais
843 3450 884 3499 il
914 3451 1167 3514 importait
1185 3452 1297 3515 plus
1319 3452 1351 3498 ὰ.
1370 3451 1422 3498 la
1439 3449 1723 3513 republique
1735 3448 1795 3498 de
1816 3451 1924 3498 voir
1950 3466 2017 3498 un
2044 3450 2254 3499 chateau
2278 3450 2360 3499 des

433 3541 441 3550 ·
497 3533 767 3601 Liguriens
790 3540 996 3602 conquis
1018 3554 1112 3602 que
1125 3540 1177 3588 1⁸
1197 3555 1344 3588 cause
1355 3538 1414 3586 de
1438 3538 1616 3588 Curius
1633 3538 1743 3587 bien
1768 3537 2030 3587 defeudue!
2049 3537 2173 3588 Sans
2191 3537 2361 3598 doute,
