2592 4084
345 530 457 571 tum
481 525 530 571 in
557 523 876 582 testamentis,

345 590 394 637 si
413 590 688 639 voluntates
708 590 1089 655 negligerentur-3

343 661 581 716 quantam
608 657 870 719 potentiam

344 720 569 770 Scaevola
589 730 852 771 assumeret
874 723 987 780 sibi,

344 787 392 835 si
411 802 551 835 nemo
572 790 770 838 auderet
793 795 961 853 postea

343 853 507 901 facere
526 859 887 914 testamentum,

341 919 446 966 nisi
470 919 528 967 de
541 923 780 971 sententia
802 923 953 971 illius.

340 983 612 1048 Explicans
639 986 744 1036 haec

342 1065 500 1113 quum
527 1053 759 1116 graviter,

342 1124 454 1165 tum
486 1120 676 1181 copiose

340 1183 409 1230 ab
431 1186 683 1246 exemplis,

338 1254 451 1298 tum
474 1249 625 1311 varie,

336 1322 450 1363 tum
471 1318 618 1365 etiam
635 1316 840 1366 ridicule

336 1387 389 1429 et
418 1381 592 1445 facete,

335 1451 604 1496 commovit
696 1476 719 1513 ρ

336 1527 453 1561 eam
472 1515 851 1564 admirationem.

334 1582 778 1643 assensionemque,

335 1653 396 1693 ut
413 1661 558 1694 nemo
583 1647 826 1695 videretur

337 1711 526 1760 dixisse
548 1723 739 1762 contra.

334 1777 449 1827 Hoc
475 1785 582 1827 erat
604 1779 823 1828 officium
854 1779 1081 1843 oratoris,

335 1844 545 1892 tertium
568 1845 849 1907 partitione,

336 1910 617 1958 maximum
640 1926 831 1973 genere.

335 1975 439 2023 Hic
462 1976 548 2023 ille
565 1976 717 2038 judex
743 1977 799 2024 de
821 1978 1001 2040 populo

338 2042 431 2102 qui
453 2042 722 2090 admiratus
743 2050 865 2091 esset

339 2108 557 2154 alterum
573 2110 846 2171 separatim,

338 2172 495 2232 idem,
513 2174 668 2223 altero
689 2175 872 2233 audito,
905 2174 1075 2241 [eitum

335 2247 673 2289 contemneret
732 2256 874 2289 suum
930 2241 1082 2305 judi-

334 2312 390 2352 at
410 2321 525 2353 vero
539 2307 819 2369 intelligens
828 2315 875 2355 et
886 2307 1056 2356 doctus
1065 2346 1079 2367 ‚

334 2372 544 2420 audiens
568 2372 853 2429 Scaevolam,
881 2377 1085 2423 sentiret

334 2438 582 2500 quoddam
606 2454 764 2503 genus
787 2439 981 2489 dicendi

332 2517 440 2552 esse
461 2506 660 2554 uberius
680 2511 729 2553 et
755 2509 1003 2560 omanus..

333 2569 386 2619 Si
413 2579 578 2618 autem
603 2580 903 2635 quereretur

331 2636 396 2683 ab
420 2648 647 2700 utroque,

330 2715 487 2751 causa
507 2711 746 2765 perorata,

331 2778 442 2818 uter
464 2778 628 2818 orator
652 2777 919 2834 proestaret‘,

327 2834 577 2896 iudicium
609 2840 841 2901 sapientis

330 2916 589 2966 nunquam
611 2904 902 2969 discreparet

328 2970 549 3027 profecto

330 3050 360 3081 a
379 3034 569 3094 judicio
598 3038 731 3098 vulgi
756 3088 759 3091 Δ

396 3099 530 3150 LIV.
562 3100 660 3162 Qui
681 3101 838 3165 igitur

332 3163 618 3230 intel-ligeris

334 3241 535 3292 praestat
554 3233 813 3296 imperito?

333 3295 402 3345 Re
424 3313 610 3364 mgna
635 3309 682 3349 et
706 3299 923 3359 difficili*

336 3364 377 3410 si
400 3365 592 3426 quidem
609 3382 847 3431 magnum
858 3374 933 3417 est
948 3367 1083 3417 scire.

338 3432 509 3488 quibus
534 3434 675 3480 rebus
699 3432 941 3483 efficiatur

339 3497 642 3545 amittaturve
666 3498 869 3547 dicendo

355 3559 478 3618 llud,
503 3565 737 3627 quidquid
756 3572 845 3624 est,

1143 409 1415 455 Bnurus.
2083 403 2202 458 213

1151 539 1243 586 que
1272 541 1395 588 pour
1415 527 1488 573 les
1511 533 1806 585 testaments,

1149 592 1191 638 si
1215 592 1285 639 les
1308 592 1571 639 intentions
1592 594 1769 642 etaient
1790 594 2062 658 negligees3

1146 658 1308 719 quelle
1327 659 1578 720 puissance

1143 722 1344 772 Set-‘evola
1363 725 1550 786 prenait
1572 739 1692 786 pour
1709 725 1795 786 lui,

1142 791 1182 838 si
1199 805 1368 852 person
1376 806 1433 837 ne
1454 792 1629 839 n’osait
1648 790 1905 841 a-l'avenir

1140 855 1261 904 faire
1289 872 1356 904 un
1381 864 1654 915 testament,

1140 922 1420 970 si-ce-—n’est
1438 923 1624 985 d'apres
1647 923 1785 969 l’avis
1804 922 1861 972 de
1878 925 1966 973 lui.

1140 988 1472 1051 Developpant
1497 994 1776 1038 ces-raison,

1139 1055 1531 1104 non-seulement
1549 1054 1895 1117 aveo-dignite,

1141 1122 1266 1169 mais
1290 1136 1460 1168 encore
1480 1120 1906 1169 avec-abondance

1142 1187 1552 1250 sous-lewrapport
1570 1188 1651 1235 des
1669 1189 1929 1249 exemplos,

1141 1250 1255 1316 p'uis
1273 1255 1616 1312 avec-variae,

1140 1320 1249 1382 puis
1268 1335 1439 1368 encore
1460 1321 1797 1383 plaisamment

1140 1393 1188 1433 et
1207 1386 1670 1448 avec-enjouement,

1137 1453 1177 1500 il
1193 1455 1353 1500 excita

1138 1533 1236 1566 une
1262 1519 1374 1566 telle
1399 1518 1693 1572 admiration

1139 1590 1187 1632 et
1208 1600 1275 1632 un
1310 1588 1370 1632 m
1389 1588 1717 1643 assentiment‚

1140 1665 1233 1713 que
1249 1666 1487 1714 personne
1508 1668 1568 1700 ne
1592 1652 1846 1715 paraissait

1139 1717 1276 1765 avoir
1302 1718 1438 1777 parle
1460 1719 1748 1768 contre-lui.

1136 1781 1311 1832 C'etait
1333 1785 1378 1830 le
1401 1784 1565 1833 devoir
1589 1784 1647 1832 de
1664 1785 1918 1842 l‘orateur‚

1133 1849 1180 1897 Ie
1208 1851 1449 1898 troisieme
1472 1866 1559 1912 per
1583 1851 1632 1898 la
1651 1850 1876 1906 division,

1132 1914 1178 1962 le
1201 1917 1312 1978 plus
1335 1917 1600 1979 important
1626 1931 1713 1979 par
1734 1918 1779 1964 le
1807 1930 1971 1980 genre.

1133 1980 1205 2029 La
1229 1997 1300 2049 ce⁸
1305 1981 1425 2045 juge
1453 1981 1993 2046 des-rangs·du-peuple

1133 2047 1217 2109 qui
1240 2051 1401 2096 aurait
1424 2047 1608 2098 admire

1132 2114 1505 2162 l’un-des—deux
1528 2115 1845 2178 separemeni,

1132 2179 1187 2227 le
1198 2185 1373 2236 meme,
1397 2182 1576 2229 I'autre
1595 2181 1826 2237 entendu,

1132 2248 1293 2293 aurait
1315 2250 1520 2296 renonce
1543 2250 1575 2295 ‘a
1600 2263 1688 2296 son
1714 2247 1913 2310 opinion
1926 2266 1942 2310 3

1133 2313 1256 2358 mais
1284 2315 1492 2361 l'homme
1516 2313 1572 2361 de
1591 2315 1712 2377 gout
1734 2319 1783 2360 et
1803 2311 2024 2368 instruit,

1132 2378 1394 2426 entendant
1417 2379 1632 2436 scevola,
1658 2378 1884 2426 sentit-ait

1132 2445 1316 2492 certain
1340 2460 1489 2506 genre
1513 2445 1830 2506 d’eloquences

1131 2513 1231 2556 etre
1242 2556 1249 2563 ,
1260 2511 1656 2571 plus-abondant:
1672 2519 1718 2557 et
1739 2508 2022 2573 plausu-orne.

1131 2574 1255 2624 Mais
1277 2578 1322 2624 si
1344 2577 1446 2624 l'on
1468 2581 1549 2625 esst
1570 2575 1807 2625 demand&

1132 2646 1158 2688 a
1185 2644 1288 2690 l‘un
1308 2650 1355 2690 et
1376 2643 1569 2704 Pautre,

1129 2709 1180 2756 Ia
1200 2724 1343 2757 cause
1369 2708 1736 2772 plaidee·jusqu'
1765 2707 1993 2762 anx-bont,

1128 2774 1288 2836 lequel
1317 2777 1398 2822 des
1417 2775 1543 2823 deux
1567 2782 1784 2822 orateurs
1804 2772 2115 2837 l’emportabt,

1128 2841 1176 2888 le
1193 2842 1451 2905 jugement
1476 2843 1534 2890 de
1559 2843 1767 2889 l'hmnms
1790 2841 1968 2890 dehine

1128 2909 1262 2954 n’efit
1282 2908 1459 2969 jamnis
1483 2907 1650 2957 differe

1126 2976 1426 3022 essurement

1128 3039 1192 3086 du
1211 3041 1467 3102 jugement
1489 3040 1555 3087 du
1579 3040 1765 3104 peuple.

1192 3105 1323 3156 LIV.
1349 3107 1421 3154 En
1451 3111 1564 3170 quoi
1589 3106 1713 3154 donc

1127 3171 1173 3219 Ie
1197 3178 1369 3220 savant

1126 3237 1485 3300 l’empowe-t-il
1507 3253 1600 3286 sm·
1614 3232 1918 3302 l'ignoeautss

1126 3303 1263 3352 Dans
1283 3320 1353 3353 un
1378 3304 1518 3366 point
1537 3304 1702 3366 grand
1719 3312 1768 3350 et
1787 3300 2003 3357 difficile,

1126 3371 1167 3417 si
1203 3370 1430 3419 toutefois
1458 3369 1496 3418 il
1533 3379 1605 3417 est
1636 3370 1903 3432 important
1934 3365 1992 3412 de
2024 3362 2182 3412 saveir

1126 3451 1215 3498 par
1245 3438 1382 3497 queis
1404 3450 1604 3498 moyens
1625 3442 1700 3483 est
1722 3432 1917 3497 produit

1130 3517 1194 3548 ou
1228 3512 1301 3549 est
1334 3501 1484 3565 perdu
1513 3516 1574 3548 en
1601 3501 1795 3562 par-lant

1129 3568 1249 3625 cela,
1274 3568 1512 3629 quoiqn'il
1534 3567 1646 3623 soit,
