2592 4084
400 348 474 405 90
1187 358 1447 405 saurus,

406 488 576 530 causa
638 472 1128 545 componendaque
1184 474 1469 546 posuisse3
1534 479 1619 547 et,
1684 491 1857 546 quum
1913 475 2253 548 cognitionis

399 566 522 622 dies
568 569 743 632 esset,
799 569 857 619 et
901 568 1018 636 ipse
1064 564 1305 621 Rutilius
1351 571 1547 638 rogatu
1590 567 1868 623 sociorum
1906 567 2135 625 domum
2177 570 2252 628 ad

398 659 633 717 Galbam
666 674 832 714 mane
867 658 1134 729 venisset,
1176 665 1239 716 ut
1278 676 1406 716 eum
1439 660 1787 731 admoneret,
1826 665 1886 717 et
1924 660 1998 716 ad
2031 660 2253 719 dicendi

399 756 621 822 tempus
644 749 979 817 adduceret3
1011 765 1192 822 usque
1218 749 1400 821 illum,
1439 750 1622 823 quoad
1652 751 1703 806 ei
1736 751 2052 807 nuntiatum
2080 757 2249 818 esset,

401 847 656 904 consules
693 848 1068 915 descendisse,
1123 847 1382 904 omnihus
1419 847 1683 919 exclusis,
1724 854 2160 906 commentatum
2198 849 2255 904 in

401 944 644 1016 quadam
672 945 948 1001 testudine
975 960 1103 1000 enm
1142 945 1324 1002 servis
1350 946 1608 1002 litteratis
1634 946 1825 1018 fuisse,
1861 963 2100 1020 quorum
2130 947 2256 1004 aliis

403 1041 557 1098 aliud
588 1042 797 1099 dictare
837 1043 1034 1100 eodem
1073 1048 1324 1114 tempore
1365 1041 1564 1103 solitus
1599 1049 1776 1115 esset3
1816 1044 2041 1102 interim
2081 1061 2258 1118 quum

404 1144 553 1195 esset
579 1139 631 1195 ei
668 1138 980 1194 nuntiatum
1002 1144 1225 1208 tempus
1247 1154 1397 1208 esse,
1430 1138 1611 1195 exisse
1641 1139 1698 1195 in
1722 1139 1873 1196 aedes
1898 1157 1964 1197 eo
1987 1139 2176 1198 colore
2204 1145 2263 1197 et

403 1236 474 1292 iis
502 1236 701 1306 oculis,
729 1242 792 1292 nt
809 1235 993 1308 egisse
1019 1251 1265 1307 causam,
1291 1252 1402 1292 non
1426 1242 1855 1293 commentatum
1881 1242 2130 1309 putares.
2150 1236 2265 1292 Ad-

407 1333 573 1390 debat
597 1332 789 1404 etiam,
819 1333 988 1405 idque
1017 1331 1090 1389 ad
1117 1347 1235 1388 rem
1272 1333 1550 1403 pertinere
1586 1332 1835 1405 putabat,
1861 1332 2159 1405 scriptores
2191 1332 2263 1386 il-

406 1431 492 1488 los
521 1428 667 1486 male
698 1428 970 1485 mulcatos
1000 1429 1177 1485 exisse
1223 1444 1353 1483 cum
1390 1427 1594 1499 Galba3
1642 1445 1709 1484 ex
1743 1444 1852 1501 quo
1888 1427 2261 1501 significabat,

407 1525 568 1582 illum
595 1541 706 1581 non
735 1526 791 1580 in
817 1525 1036 1598 agendo
1063 1523 1265 1595 solum,
1297 1524 1398 1579 sed
1427 1525 1598 1580 etiam
1627 1524 1685 1579 in
1724 1522 2043 1579 meditando
2082 1524 2265 1580 vehe-

409 1623 655 1675 mentem
684 1622 850 1690 atque
871 1618 1162 1675 incensum
1185 1617 1376 1673 fuisse.
1401 1615 1545 1683 Quid
1566 1615 1779 1672 multa?
1803 1632 2006 1688 magna
2033 1632 2267 1688 exspec-

409 1715 639 1789 tatione,
679 1715 934 1787 plurimis
980 1715 1356 1785 audientibuS,
1394 1729 1582 1771 coram
1619 1714 1739 1787 ipso
1785 1715 1952 1770 Laelio
1990 1714 2070 1770 sic
2108 1714 2269 1771 illam

410 1829 635 1870 cansam
651 1853 670 1887 ,
719 1818 874 1869 tanta
922 1813 978 1870 vi
1016 1818 1279 1883 tantaque
1317 1811 1592 1882 gravitate
1634 1811 1838 1867 dixisse
1885 1810 2119 1866 Galbam
2143 1853 2158 1883 ,
2202 1815 2270 1867 ut

415 1907 568 1970 nulla
593 1909 711 1968 fere
738 1924 869 1982 pars
900 1906 1166 1965 orationis
1198 1906 1419 1963 silentio
1454 1905 1855 1978 praeteriretur.
1896 1908 2089 1978 Itaque
2119 1904 2271 1960 mul-

410 2170 639 2218 moyens;
665 2153 703 2203 il
720 2152 791 2217 1⁹5
808 2151 1034 2216 employa
1057 2157 1166 2200 tout
1186 2151 1358 2198 entier.
1385 2149 1451 2198 Le
1472 2147 1591 2211 jour
1616 2147 1675 2195 do
1689 2147 1960 2195 l'audienee
1978 2147 2219 2207 Rutilius,
2240 2148 2274 2195 iz

411 2254 464 2301 la
486 2254 644 2317 priore
658 2250 740 2299 des
762 2249 987 2308 associes,
1010 2262 1063 2297 ee
1089 2248 1255 2297 rendit
1279 2250 1327 2296 le
1356 2247 1513 2295 matin
1539 2245 1657 2294 ohez
1688 2244 1862 2302 Galba,
1897 2260 2021 2307 pour
2052 2243 2275 2292 l’svertir

412 2359 460 2397 et
498 2350 891 2411 l’accompagner
924 2362 987 2395 au
1029 2345 1244 2395 tribunal
1280 2344 1446 2408 quand
1475 2343 1661 2393 l'henre
1696 2339 1847 2390 serait
1880 2356 2057 2388 venne.
2088 2339 2270 2395 Galba.

413 2447 653 2496 renferme
672 2447 794 2496 dans
820 2462 886 2494 un
911 2446 1105 2496 cabinet
1123 2460 1238 2494 avec
1262 2459 1338 2492 ses
1353 2443 1649 2500 secretaires,
1675 2439 1915 2502 nuxquels
1933 2439 1973 2487 il
1994 2438 2130 2486 avait
2151 2452 2273 2487 cou-

414 2549 547 2590 tnme
585 2542 643 2591 de
680 2542 835 2592 dictet
870 2544 900 2590 ὲ
935 2542 985 2590 la
1015 2541 1109 2591 fois
1150 2541 1393 2606 plusieurs
1429 2539 1599 2589 choses
1632 2538 1923 2588 differentes.
1965 2552 2001 2600 y
2042 2534 2277 2584 travailla

415 2654 528 2687 sans
552 2654 743 2687 aucune
773 2639 1081 2698 disti-action,
1100 2638 1300 2700 jusqu’a
1330 2651 1386 2684 ce
1406 2640 1554 2698 qn'on
1573 2636 1648 2685 lui
1678 2649 1906 2697 annones
1928 2648 2023 2696 que
2060 2634 2132 2682 les
2157 2646 2278 2680 con·-

415 2736 518 2784 suls
541 2736 726 2783 etaient
745 2735 948 2783 arrives.
977 2734 1156 2796 Quand
1191 2749 1255 2781 on
1291 2733 1414 2781 l’eut
1453 2735 1605 2782 averti
1628 2733 1751 2798 qu'il
1779 2733 1899 2781 etsit
1936 2738 2114 2795 temps,
2146 2732 2187 2780 il
2210 2745 2273 2780 on

419 2831 560 2878 sortit
582 2829 630 2878 le
648 2829 816 2893 vinage
841 2844 902 2877 en
923 2828 1023 2887 feu,
1058 2830 1129 2878 les
1151 2844 1284 2892 yeux
1308 2830 1614 2889 etincelants,
1640 2843 1828 2877 comme
1857 2844 1926 2876 un
1960 2827 2163 2877 homme
2185 2830 2275 2892 qui

417 2925 662 2974 viendrait
695 2923 754 2972 de
788 2923 977 2987 plaider
999 2931 1048 2971 ct
1083 2939 1182 2972 non
1220 2924 1280 2971 de
1323 2923 1542 2973 mediter.
1570 2925 1789 2974 Rutilius
1816 2923 2044 2987 ajoutsit,
2085 2938 2279 2973 comme

419 3039 515 3072 une
540 3023 876 3072 circonstsnce
903 3022 1191 3079 essentiale,
1213 3036 1308 3083 que
1327 3022 1395 3069 les
1417 3021 1696 3069 seeretaires
1718 3022 1949 3069 sortirent
1967 3034 2084 3069 eveo
2111 3020 2188 3069 lui
2207 3036 2279 3072 un

418 3134 513 3185 peu
534 3118 824 3168 maltraites.
847 3117 892 3167 11
914 3118 1162 3167 conclusit
1183 3117 1243 3166 de
1265 3119 1316 3167 Is
1334 3132 1427 3180 que
1448 3116 1610 3168 Galba
1643 3118 1824 3181 por-tait
1840 3119 1892 3166 la
1917 3117 2210 3166 vehemenee
2229 3124 2281 3168 et

419 3216 472 3265 la
507 3213 709 3263 chalem·
744 3212 805 3261 de
834 3227 923 3261 son
954 3212 1117 3263 action
1149 3214 1329 3278 jusque
1363 3213 1486 3267 dans
1520 3212 1567 3262 le
1588 3212 1765 3263 travail
1789 3212 1859 3261 dn
1886 3214 2099 3263 cabinet.
2126 3213 2281 3267 Enfin

420 3313 655 3363 l'oratenr
677 3310 846 3376 plaido.
872 3317 997 3361 cette
1032 3326 1176 3361 oense
1208 3311 1530 3360 interessante
1554 3309 1731 3358 devant
1760 3324 1831 3358 nn
1858 3309 2106 3359 anditoire
2132 3325 2279 3359 nom·

425 3410 597 3469 brenx,
623 3424 685 3458 en
715 3411 947 3476 presence
969 3409 1028 3459 de
1047 3408 1212 3459 Lelius
1234 3413 1408 3467 meme,
1434 3422 1550 3457 avec
1573 3422 1668 3457 une
1694 3407 1825 3456 force
1846 3415 1894 3457 et
1921 3423 2021 3456 nne
2052 3407 2282 3459 noblesee

425 3507 528 3567 qui,
556 3522 758 3572 presque
779 3510 810 3556 ὲ
837 3506 1021 3571 chaque
1056 3506 1246 3569 phrase,
1275 3505 1542 3554 exciterent
1563 3502 1646 3552 des
1660 3503 2026 3553 acclamatione.
2047 3503 2094 3553 11
2115 3503 2173 3552 fit
2190 3518 2285 3553 en-
