2592 4084
350 497 401 537 et
422 489 480 536 de
508 490 610 537 suis
631 490 775 537 rebus

349 571 527 618 genere
545 557 780 603 sermonis
800 556 936 604 molli

349 631 400 669 et
420 621 789 682 Xenophonteo,

348 688 487 735 misit
508 687 570 735 ad
585 697 772 748 poetam
785 687 849 735 A.
862 686 1084 746 Furium,

348 768 495 801 suum
519 752 809 800 familiarem
836 770 849 800 ε

348 821 432 881 qui
461 819 584 866 liber
610 826 684 866 est
719 818 873 868 nihilo
904 817 1084 874 notior,

347 899 495 947 quam
521 885 595 931 illi
618 893 716 932 tres
749 884 863 932 libri
895 883 1084 944 Scauri,

348 951 408 998 de
431 951 608 1012 quibus
630 949 733 997 dixi
755 958 883 998 ante.

413 1043 480 1052 —
498 1016 624 1064 Tum
643 1015 841 1075 Brutus,
871 1015 973 1065 Nec
993 1017 1085 1064 iste

347 1090 420 1129 est
441 1090 586 1130 notus
611 1080 734 1128 mihi
754 1081 965 1144 quidem,

346 1162 436 1195 nec
456 1148 529 1194 illi
548 1165 560 1205 3

347 1212 433 1260 sed
452 1212 559 1261 haec
575 1215 721 1278 culpa
737 1222 810 1264 est
826 1229 961 1273 mea;

346 1292 595 1341 nunquam
622 1282 753 1329 enim

345 1344 619 1394 inciderunt
642 1346 696 1394 in
721 1362 914 1396 manus.

345 1409 489 1459 Nunc
516 1421 678 1461 autem

345 1481 393 1523 et
412 1491 601 1525 sumam
623 1486 736 1537 ate,

344 1549 395 1590 et
413 1544 698 1605 conquiram
725 1544 823 1592 ista

345 1608 586 1658 curiosius
604 1609 823 1673 posthac.

408 1700 474 1712 —
497 1674 657 1737 Igitur
678 1690 835 1724 sermo
854 1675 1040 1724 latinus

343 1738 440 1788 fuit
456 1742 507 1788 in
528 1740 732 1807 Catulo;

342 1821 452 1868 quoe
470 1807 581 1854 laus
607 1805 798 1856 dicendi

338 1886 439 1920 non
461 1871 714 1921 mediocris

338 1938 566 2000 neglecta
582 1944 655 1986 est

337 2017 373 2050 a
396 2002 637 2065 plerisque
659 2000 947 2050 oratoribus.

337 2068 470 2118 Nam
493 2068 597 2116 noli
618 2074 893 2130 exspectare

337 2133 460 2196 quid
478 2133 635 2182 dicam
654 2133 713 2181 de
724 2147 842 2182 sono
863 2132 1008 2191 vocis,

340 2210 389 2247 et
404 2200 644 2248 suavitate

337 2266 611 2314 litterarum
633 2263 1054 2328 appellandarum,

337 2332 568 2392 quoniam
604 2330 875 2393 cognovisti
898 2328 1075 2377 filium.

337 2396 631 2459 Quanquam
653 2397 786 2445 filius
812 2394 1012 2458 quidem

336 2478 432 2510 non
459 2463 555 2511 fuit

337 2529 390 2576 in
414 2543 616 2577 numero
641 2533 910 2588 oratorum,

336 2593 421 2642 sed
441 2609 592 2656 quum
616 2593 876 2657 prudentia

336 2660 389 2707 in
413 2662 647 2708 sententia
671 2659 891 2717 dicenda,
974 2657 1075 2722 [nis

334 2733 439 2774 tum
458 2726 704 2788 quoddam
723 2740 878 2789 genus
898 2726 1077 2775 oratio-

335 2792 531 2855 elegans
558 2803 605 2840 et
631 2791 876 2839 eruditum

334 2872 432 2905 non
457 2858 621 2906 deerat
641 2866 804 2905 tamen
822 2858 886 2905 ei.

332 2922 434 2972 Nec
446 2934 581 2986 pater
598 2924 701 2987 ipse
721 2923 926 2973 catulus

331 2988 529 3037 habitus
553 3000 626 3037 est

331 3065 493 3104 tamen
516 3057 737 3118 princeps

330 3122 384 3168 in
412 3136 615 3169 numero
636 3128 979 3183 patronorum3

331 3186 415 3235 sed
434 3194 540 3235 erat
564 3187 676 3236 talis

331 3261 389 3301 ut
419 3251 664 3301 videretur
691 3267 793 3301 esse
814 3252 1036 3313 inferior,

331 3331 482 3378 quum
518 3318 709 3367 audires
731 3333 998 3381 quosquam

332 3384 417 3443 qui
441 3393 580 3432 eraut
598 3393 701 3432 tum
726 3392 1035 3447 praetanten

332 3462 482 3509 quum
506 3459 666 3498 autem
698 3451 889 3500 audires
912 3452 1073 3515 ipsum

331 3514 438 3563 sine
461 3517 836 3580 comparatione,

1148 372 1407 418 BRUTUS·
2091 363 2157 416 14
2172 360 2195 414 l

1146 494 1194 535 et
1213 503 1297 535 sur
1321 504 1394 536 ses
1422 487 1608 536 actions

1145 554 1269 601 dans
1291 569 1358 600 un
1396 569 1543 613 genre
1561 554 1619 601 de
1639 555 1761 616 style
1785 557 2019 618 gracieux

1142 629 1191 667 et
1207 619 1487 681 a-la-facon
1507 620 1565 667 de
1583 620 1867 683 Xenophon.

1140 685 1180 733 il
1199 685 1398 733 adressa
1407 700 1473 734 au
1492 689 1629 747 poete
1648 689 1713 735 A.
1734 687 1929 745 Furius,

1142 765 1229 798 son
1250 766 1350 799 ami
1379 768 1391 797 ι

1140 832 1194 864 ce
1211 817 1335 864 livre
1356 818 1478 865 n'est
1497 816 1688 865 en-rien
1716 818 1826 880 plus
1845 833 2025 878 comm,

1141 897 1234 944 que
1255 898 1335 930 ces
1355 884 1477 930 trois
1494 883 1643 932 livres
1662 883 1719 930 de
1735 883 1960 942 Scaurus,

1139 948 1262 997 dont
1281 948 1371 1010 j’ai
1391 949 1526 1010 parle
1548 957 1866 1011 anparavant.

1202 1040 1265 1052 —
1284 1014 1431 1062 Alors
1453 1016 1653 1069 Brutus,
1676 1016 1726 1062 ni
1746 1030 1799 1062 ce
1822 1017 2003 1065 livre-ci

1134 1078 1259 1128 n'est
1286 1094 1451 1128 connu
1475 1081 1535 1129 de
1560 1080 1661 1129 moi
1684 1081 1748 1128 du
1776 1082 1950 1143 moins,

1135 1145 1187 1193 ni
1214 1148 1414 1194 ceux-l'a
1429 1169 1443 1211 ;

1133 1213 1259 1259 mais
1286 1223 1408 1259 cette
1433 1214 1565 1261 faute
1584 1219 1659 1261 est
1673 1214 1893 1272 mieune3

1133 1292 1217 1325 car
1234 1277 1414 1340 jamais

1136 1343 1198 1390 ils
1219 1359 1277 1391 ne
1296 1351 1410 1390 sont
1430 1344 1617 1392 tombes
1650 1352 1786 1393 entre
1807 1362 1899 1393 mes
1920 1346 2095 1394 mains.

1139 1408 1262 1457 Mais
1294 1411 1600 1457 maintenant

1135 1474 1188 1536 je
1217 1479 1278 1522 les
1309 1476 1637 1537 empruuterai
1671 1477 1702 1522 a
1725 1477 1821 1537 toi,

1138 1548 1188 1588 et
1215 1540 1267 1602 je
1299 1541 1620 1603 m'enquerrai
1644 1540 1701 1587 de
1711 1556 1790 1589 ces
1810 1557 2045 1605 ouvrages

1138 1607 1732 1668 avec-plus·de·curiosite
1753 1612 1783 1654 a
1800 1609 2023 1656 l'aveuir.

1201 1698 1268 1708 —
1289 1673 1431 1720 Ainsi
1457 1672 1580 1722 dono
1601 1674 1653 1721 la
1681 1675 1862 1737 langue
1886 1674 2036 1723 latine

1137 1736 1214 1786 sut
1238 1739 1361 1785 dans
1380 1739 1585 1787 Catulus
1601 1775 1618 1799 ‚

1136 1817 1191 1851 ce
1214 1805 1385 1851 merite
1403 1805 1460 1852 de
1483 1806 1533 1852 la
1548 1805 1729 1852 diction

1136 1873 1216 1929 qut·
1236 1871 1352 1917 n'eu
1380 1886 1465 1932 pas
1497 1872 1929 1935 sans-importanoe

1135 1949 1166 1982 a
1186 1936 1262 1983 ete
1277 1936 1472 1998 neglige

1133 2015 1221 2062 par
1242 2003 1294 2049 la
1313 2003 1506 2063 plupart
1527 2000 1609 2050 des
1632 2009 1865 2050 orateurs.

1131 2066 1227 2115 Car
1255 2082 1319 2115 ne
1349 2068 1526 2116 venille
1548 2082 1634 2129 pas
1666 2067 1885 2117 attendre

1131 2146 1186 2180 ce
1206 2147 1297 2194 que
1312 2134 1361 2195 je
1379 2133 1503 2182 dirui
1525 2134 1591 2182 du
1613 2149 1703 2182 son
1721 2134 1779 2183 do
1799 2150 1852 2182 ω
1877 2135 2009 2192 voix‚

1130 2205 1179 2246 et
1207 2199 1334 2246 dela
1354 2200 1565 2248 douceur

1132 2264 1216 2311 des
1227 2265 1393 2314 lettres
1416 2265 2058 2328 devant-etre-prononcees,

1129 2330 1333 2393 puisque
1358 2337 1412 2378 tu
1434 2346 1488 2380 as
1510 2347 1672 2380 connu
1701 2347 1783 2379 son
1808 2333 1907 2382 fils.

1129 2394 1251 2444 Bien
1278 2411 1371 2459 que
1387 2413 1471 2443 son
1487 2396 1567 2445 fils
1580 2405 1731 2447 certes

1130 2475 1191 2510 ne
1212 2461 1290 2509 snt
1312 2477 1397 2524 pas

1129 2541 1194 2574 au
1222 2529 1427 2576 nombre
1450 2526 1532 2576 des
1555 2536 1792 2587 orateur-s,

1127 2593 1252 2642 mais
1272 2594 1663 2642 non-seulement
1692 2595 1761 2642 les
1790 2595 2017 2644 lumieres

1126 2675 1249 2722 pour
1267 2675 1356 2707 son
1375 2661 1478 2708 avis
1503 2659 2053 2724 devant-etre·exprime,

1128 2727 1454 2775 mais-encore
1476 2742 1545 2773 un
1567 2741 1717 2790 genre
1731 2728 1790 2775 de
1812 2727 2023 2792 langage

1127 2793 1323 2854 elegant
1350 2799 1398 2841 et
1420 2793 1590 2856 soigne

1127 2873 1190 2905 ne
1224 2860 1477 2921 manquait
1504 2865 1733 2922 pourtant
1757 2874 1843 2921 pas
1866 2863 1895 2906 ἐι
1923 2860 2012 2909 lui.

1128 2923 1190 2971 Et
1210 2925 1257 2971 le
1278 2926 1390 2988 pere
1413 2926 1664 2972 lui-meme
1685 2924 1888 2974 Catulus

1127 3001 1187 3038 ne
1219 2990 1295 3037 fut
1325 3006 1412 3053 pas
1442 2990 1645 3055 regar-de

1123 3064 1354 3117 pourtant
1379 3072 1545 3104 comme
1579 3057 1626 3103 le
1656 3058 1863 3119 premier
1941 3085 1954 3102 .

1123 3136 1189 3169 au
1216 3121 1417 3170 nombre
1433 3122 1516 3171 des
1535 3129 1778 3181 orateurs3

1123 3187 1249 3236 mais
1274 3189 1315 3236 il
1343 3189 1459 3235 emit
1478 3189 1544 3236 tel

1121 3254 1245 3314 qu'il
1271 3256 1528 3316 paraissait
1557 3258 1656 3302 etro
1691 3252 1941 3308 inretierat,

1125 3319 1292 3380 quand
1318 3327 1372 3367 tu
1397 3319 1646 3368 entendais
1666 3320 1876 3368 cer-teins
1896 3319 2105 3379 nummu,

1126 3386 1207 3445 qui
1226 3386 1406 3433 etaient
1433 3385 1564 3434 alors
1578 3386 1840 3446 eminents3

1125 3451 1248 3496 maie
1270 3449 1434 3512 quand
1461 3458 1516 3499 tu
1541 3447 1825 3501 l’entendais
1853 3448 2110 3496 lui-meme

1125 3529 1238 3564 sans
1265 3518 1617 3580 comparaison,
