2592 4084
431 377 466 435 6
1213 385 1478 432 namus,

428 519 596 573 quam
618 502 848 574 juvare;
873 501 1120 573 vixitque
1148 500 1383 570 tamdiu,
1411 516 1579 571 quam
1602 499 1759 556 licuit
1784 500 1841 554 in
1882 500 2100 557 civitate
2127 501 2271 558 bene

425 599 702 671 beateque
738 598 925 657 vivere
954 616 967 653 :
997 603 1185 654 nostro
1228 596 1578 653 incommodo
1617 595 2075 670 detrimentoque,
2107 598 2153 653 si
2189 605 2273 655 est

426 695 505 751 ita
539 711 795 767 necesse,
840 695 1156 763 doleamu83
1188 695 1341 751 illius
1390 709 1524 753 vero
1566 692 1756 748 mortis
1801 696 2269 765 opportunitatem

424 790 795 849 benivolentia
839 793 1026 865 potius
1066 809 1232 866 quam
1272 790 1660 849 misericordia
1704 806 2139 865 prosequamur3
2185 798 2264 863 ut,

425 887 880 961 quotiescumque
906 889 978 945 de
1007 889 1312 949 clarissimo
1338 894 1397 946 et
1424 888 1746 945 beatissimo
1783 887 1902 945 viro
1940 888 2265 959 cogitemus,

423 982 585 1040 illum
608 985 809 1056 potiuS,
832 1001 997 1059 quam
1021 990 1234 1040 nosmet
1254 985 1422 1056 ipsos„
1449 983 1680 1056 diligere
1702 984 2010 1042 videamur.
2038 987 2196 1055 Nam,
2221 985 2268 1040 si

424 1080 483 1136 id
515 1080 786 1151 dolemus,
818 1081 966 1154 quod
992 1098 1058 1137 eo
1086 1081 1206 1152 jam
1235 1082 1346 1137 frui
1380 1081 1542 1138 nobis
1568 1097 1679 1137 non
1714 1081 1880 1152 licet3
1906 1087 2155 1137 nostrum
2186 1088 2269 1137 est

424 1176 482 1233 id
509 1178 716 1234 malum
748 1197 761 1234 τ
788 1179 939 1253 quod
964 1178 1179 1234 modice
1206 1178 1472 1250 feramus„
1498 1195 1566 1235 ne
1595 1179 1654 1234 id
1680 1195 1790 1234 non
1836 1179 1908 1234 ad
1946 1178 2264 1252 amicitiam,

423 1275 521 1331 sed
558 1275 631 1331 ad
665 1276 1021 1334 domesticam
1060 1274 1355 1333 utilitatem
1393 1276 1602 1333 referre
1633 1275 1924 1332 videamur
1954 1294 1967 1331 ε
2004 1276 2111 1347 sin,
2143 1282 2265 1332 tan·-

423 1386 588 1442 quam
624 1371 707 1426 illi
748 1372 856 1444 ipsi
891 1371 1209 1428 acerbitatis
1238 1371 1448 1444 aliquid
1477 1371 1755 1444 acciderit,
1790 1373 2067 1444 angimur,
2111 1389 2265 1428 sum-

421 1482 569 1522 mam
597 1467 720 1539 ejus
757 1467 1079 1523 felicitatem
1107 1485 1216 1524 non
1243 1468 1375 1524 satis
1401 1474 1561 1540 grato
1597 1468 1779 1525 animo
1814 1469 2263 1541 interpretamur.

489 1566 562 1619 ΙΙ.
590 1563 808 1620 Etenim
836 1564 885 1620 si
911 1563 1122 1622 viveret
1144 1566 1210 1632 Q.
1254 1565 1600 1636 HortensiuS,
1634 1571 1817 1622 cetera
1842 1566 2076 1621 fortasse
2115 1565 2263 1620 desi-

422 1661 647 1717 deraret
684 1677 795 1717 una
831 1677 957 1718 cum
992 1661 1219 1735 reliquis
1256 1661 1416 1717 bonis
1458 1666 1515 1717 et
1549 1661 1785 1718 fortibus
1830 1662 2075 1734 civibus3
2117 1661 2264 1716 hunc

420 1763 607 1813 autem
627 1763 832 1829 praeter
860 1764 1095 1829 ceteros,
1124 1763 1223 1813 aut
1260 1774 1389 1814 cum
1420 1759 1612 1831 paucis
1651 1759 1951 1814 sustineret
1992 1757 2260 1829 dolorem,

420 1871 592 1926 quum
637 1856 820 1915 forum
860 1856 1048 1929 populi
1087 1857 1319 1928 romani,
1359 1857 1505 1929 quod
1540 1856 1735 1914 fuisset
1778 1855 1937 1928 quasi
1982 1855 2262 1913 theatrum

418 2097 511 2145 que
529 2082 589 2132 de
608 2085 660 2131 la
681 2084 851 2141 servir,
881 2091 930 2132 ct
960 2085 999 2132 il
1020 2099 1052 2131 a.
1072 2086 1192 2133 veen
1213 2086 1344 2135 anesi
1376 2088 1652 2156 longtempe
1680 2094 1826 2156 qn'on
1847 2108 1878 2142 a
1901 2110 1968 2157 pn
1987 2095 2122 2143 vivre
2142 2094 2263 2145 (1666

417 2180 568 2228 Rome
598 2195 713 2230 avec
732 2180 956 2229 honneur
992 2188 1040 2228 et
1068 2183 1292 2233 secui-ite.
1328 2185 1566 2238 Pleurons
1605 2190 1748 2251 donc,
1786 2194 2018 2256 puisqu’il
2055 2193 2101 2240 le
2133 2193 2256 2252 faut,

416 2277 646 2340 pleni-ons
671 2276 722 2325 16
743 2281 875 2340 perte
898 2291 991 2340 que
1016 2292 1140 2327 6666
1164 2293 1317 2329 avone
1339 2281 1477 2342 faite3
1506 2285 1647 2344 mais,
1674 2301 1739 2335 au
1761 2288 1861 2336 lieu
1879 2288 1937 2335 de
1964 2290 2182 2350 plaindro
2209 2306 2262 2339 66

417 2372 575 2437 grand
595 2373 808 2433 homme,
844 2374 1164 2424 felicitons-le
1199 2377 1385 2427 d’avoir
1413 2380 1617 2430 termine
1653 2385 1683 2429 a
1716 2390 1872 2447 temps
1904 2401 1993 2433 son
2025 2385 2262 2436 heureuse

412 2477 465 2531 ιγ’,
481 2470 712 2533 brillante
733 2472 962 2531 caniet-03
989 2479 1055 2536 et,
1079 2473 1288 2525 denelae
1307 2483 1491 2544 regma
1514 2494 1606 2549 que
1631 2495 1755 2534 nous
1777 2481 2000 2533 donnons
2023 2488 2053 2533 a
2076 2502 2130 2533 sa
2152 2489 2262 2535 mn..

411 2579 582 2639 moire,
611 2577 968 2647 gurdone-nous
997 2577 1058 2631 de
1086 2583 1295 2646 parattre
1324 2577 1512 2630 Paimer
1543 2582 1704 2630 moins
1745 2597 1869 2646 pour
1905 2582 1978 2630 lui
2012 2599 2104 2645 que
2135 2599 2261 2649 pour

412 2678 762 2725 nous-memes.
789 2677 884 2726 Car
904 2678 945 2724 si
968 2684 1111 2726 notre
1127 2677 1336 2741 chagrin
1356 2683 1430 2725 est.
1449 2676 1507 2725 de
1527 2692 1589 2725 ne
1620 2677 1825 2740 pouvoir
1847 2677 1985 2740 ,iouit
2008 2678 2067 2726 de
2087 2694 2144 2728 66,
2159 2682 2261 2742 pne-

412 2783 570 2829 66666,
596 2786 651 2819 66
670 2773 894 2823 malheur
916 2789 1041 2822 nous
1070 2781 1142 2821 est
1166 2780 1275 2821 tout
1297 2774 1573 2837 personna,
1601 2781 1650 2821 et
1671 2790 1795 2824 nous
1825 2773 2007 2823 devons
2042 2775 2263 2824 moderer

411 2872 553 2913 notre
571 2867 809 2919 afflictioni
840 2883 966 2931 pout
993 2869 1170 2930 qu’elle
1211 2883 1275 2917 66
1308 2869 1522 2932 paraisse
1547 2884 1632 2933 pas
1659 2869 1870 2934 inspires
1904 2886 1994 2934 par
2028 2872 2259 2929 Pintia-et,

409 2962 571 3025 plutot
601 2979 697 3026 qne
728 2980 819 3028 par
853 2966 1076 3014 l'amitie.
1113 2965 1166 3015 Si
1207 2982 1271 3015 an
1303 2968 1545 3016 contraire
1567 2983 1691 3016 nous
1724 2968 1770 3016 le
1799 2969 2032 3032 pleurons
2069 2969 2189 3017 dans
2214 2972 2263 3018 la

409 3064 580 3123 pensee
608 3076 700 3125 qne
732 3064 850 3112 c’est
875 3078 947 3113 un.
975 3064 1077 3112 mal
1107 3080 1232 3128 pour
1267 3064 1342 3113 lui
1376 3063 1436 3114 de
1469 3065 1623 3114 n’etre
1648 3067 1775 3128 plus,
1812 3081 1937 3114 nous
1964 3081 2026 3113 ne
2053 3066 2265 3128 jugeons

408 3172 497 3224 pas
519 3172 635 3206 avec
663 3175 761 3208 666
782 3162 891 3208 ame
912 3175 1047 3208 assez
1074 3163 1469 3211 reconnaiseante
1493 3163 1540 3212 le
1561 3162 1782 3211 bonhem·
1806 3162 1865 3210 de
1881 3177 1936 3209 66,
1957 3162 2184 3209 destinee.

476 3253 543 3304 11.
581 3253 632 3303 Si
654 3254 718 3316 Q.
743 3255 1034 3304 Hortensius
1058 3257 1212 3307 vivait
1232 3272 1425 3317 encore,
1455 3273 1570 3308 6666
1594 3258 1743 3307 doute
1760 3258 1799 3306 11
1825 3257 2120 3321 deplorerait
2148 3263 2264 3306 tou·

412 3358 485 3402 tes
503 3367 592 3401 nos
617 3357 773 3416 perte·
796 3367 914 3403 aveo
935 3368 993 3401 66
1010 3354 1095 3416 qni
1123 3361 1249 3402 reste
1279 3355 1340 3402 de
1368 3355 1587 3420 citoyens
1620 3355 1857 3404 honnetes
1880 3361 1928 3401 et
1954 3368 2262 3418 coni-agenat,

414 3451 538 3499 mais
572 3465 671 3499 nne
704 3451 908 3499 douleur
938 3452 1062 3514 qu’il
1088 3451 1369 3501 endurci-ait
1399 3453 1457 3505 de
1492 3454 1604 3517 plus
1634 3468 1728 3516 que
1763 3453 1835 3501 166
1868 3460 2045 3510 autres,
2077 3468 2143 3502 ou
2175 3468 2268 3517 que

416 3547 528 3596 bien
547 3563 639 3612 peu
657 3549 1017 3599 reuentiraient
1035 3564 1225 3599 comme
1246 3551 1338 3612 lui,
1365 3565 1419 3600 66
1440 3552 1587 3600 serait
1608 3550 1667 3600 de
1690 3551 1794 3600 voit
1814 3550 1864 3599 16
1881 3550 2041 3599 forum
2062 3550 2128 3601 du
2150 3565 2271 3615 pea—
