2592 4084
446 344 575 399 282
1249 356 1514 402 neurus,

452 469 674 541 dixerit,
700 469 998 525 verborum
1034 469 1310 527 delectum
1346 472 1617 543 originem
1655 488 1779 528 esse
1811 472 2171 545 eloquentiae3
2199 481 2312 529 tri·

452 565 771 636 bueritque,
812 565 890 620 mi
934 569 1124 633 Brute,
1157 567 1287 623 huic
1323 575 1530 631 nostro,
1569 568 1664 639 qui
1706 584 1795 624 me
1836 567 1906 623 de
1943 567 2040 622 illo
2081 568 2309 640 maluit,

446 681 624 739 quam
651 682 711 721 se
736 665 944 737 dicere,
961 667 1184 723 laudem
1210 668 1553 740 singularem
1579 670 1728 737 (nam
1744 666 1963 739 scripsit
1982 667 2072 722 his
2091 668 2308 739 verbiS,

448 779 628 835 quum
662 761 809 817 hunc
831 764 1052 819 nomine
1083 769 1232 820 esset
1248 765 1448 820 affatus
1477 782 1490 818 :
1524 782 1550 816 t
1582 779 1667 835 ac,
1696 763 1743 819 si
1764 763 2002 835 cogitata
2027 764 2306 834 praeclare

444 854 639 926 <eloqui
665 861 910 925 possent,
946 855 1194 910 nonnulli
1221 856 1404 911 studio
1438 860 1494 911 et
1523 872 1625 910 usu
1654 855 2099 926 elaboraverunt,
2142 856 2306 926 cujus

446 951 507 1002 te
532 962 689 1018 paene
719 947 1028 1018 principem
1057 948 1225 1018 copiae
1246 953 1414 1018 atque
1441 949 1804 1019 inventorem,
1820 947 1962 1003 bene
1981 948 2051 1002 de
2077 948 2302 1002 nomine

448 1054 518 1093 ac
546 1038 811 1110 dignitate
838 1039 1027 1110 populi
1052 1039 1268 1093 romani
1305 1039 1568 1095 meritum
1604 1055 1725 1095 esse
1766 1039 2082 1095 existimare
2124 1041 2302 1096 debe-

446 1147 577 1187 mus
605 1134 656 1201 »)
690 1150 703 1187 ε
737 1131 884 1186 hunc
917 1130 1139 1186 facilem
1176 1135 1231 1186 et
1276 1131 1659 1202 quotidianum
1699 1132 1916 1188 novisse
1956 1148 2304 1201 sermonem,

448 1239 597 1279 nunc
624 1239 723 1294 pro
754 1222 946 1280 relicto
970 1228 1056 1278 est
1083 1221 1422 1278 habendum.

518 1316 746 1371 LXXIII.
787 1344 856 1355 —
894 1316 1033 1369 Tum
1062 1317 1284 1384 BrutuS,
1316 1315 1524 1386 Amice,
1564 1314 1814 1385 hercule,
1851 1315 2050 1387 inquit,
2087 1324 2143 1372 et
2182 1334 2306 1373 ma-

444 1405 649 1477 gnifice
674 1412 730 1462 te
761 1405 1048 1461 laudatum
1073 1411 1230 1477 puto,
1260 1422 1428 1478 quem
1457 1422 1567 1460 non
1594 1406 1775 1461 solum
1800 1407 2109 1478 principem
2133 1414 2304 1481 atque

444 1503 795 1553 inventorem
833 1498 1006 1569 copiae
1037 1497 1254 1563 dixerit,
1292 1515 1415 1570 quae
1440 1503 1562 1555 erat
1588 1514 1789 1571 magna
1824 1498 1976 1564 lauS,
2004 1501 2105 1556 sed
2132 1503 2306 1557 etiam

444 1590 586 1646 bene
616 1591 875 1646 meritum
911 1591 980 1647 de
1016 1591 1207 1662 populi
1247 1592 1461 1646 romani
1500 1592 1722 1648 nomine
1763 1596 1819 1648 et
1854 1591 2145 1662 dignitate.
2180 1596 2302 1661 Quo

436 1681 595 1738 enim
626 1698 736 1737 uno
774 1682 1135 1739 vincebamur
1167 1698 1201 1738 a
1236 1684 1382 1740 victa
1409 1682 1619 1739 Graecia
1642 1723 1659 1750 ,
1690 1682 1747 1738 id
1775 1688 1873 1738 aut
1901 1689 2156 1754 ereptum
2187 1685 2304 1742 illis

438 1781 546 1836 est,
582 1780 679 1831 aut
714 1780 863 1832 certe
899 1776 1057 1832 nobis
1082 1776 1349 1832 cumillis
1376 1776 1863 1832 communicatum.
1903 1778 2058 1832 Hanc
2085 1783 2298 1844 autem,

440 1868 640 1939 inquit,
667 1868 924 1941 gloriam,
956 1868 1445 1940 testimoniumque
1472 1869 1725 1933 Caesaris»,
1759 1873 1868 1922 tuae
1894 1868 2122 1939 quidem
2158 1885 2298 1939 sup-

434 1961 726 2032 plicationi
773 1977 903 2027 non,
948 1963 1049 2018 sed
1089 1961 1385 2033 triumphis
1428 1962 1727 2017 multorum
1772 1965 2068 2031 antepono.
2119 1992 2191 2001 —
2233 1962 2301 2015 Et

434 2149 567 2187 mota
591 2145 663 2187 est
681 2139 733 2187 la
751 2139 867 2187 base
900 2138 959 2187 de
980 2140 1318 2201 l'eloquence‘?
1343 2140 1460 2197 Oui,
1483 2141 1684 2201 Brutus,
1711 2141 1850 2202 apres
1874 2154 1942 2184 un
1961 2138 2029 2185 tel
2056 2153 2294 2201 ouvrage,

428 2224 487 2265 et
521 2218 697 2280 I'eloge
729 2216 923 2266 flatteur
950 2218 1066 2282 qu'y
1107 2219 1268 2266 donne
1303 2221 1332 2266 a
1372 2220 1574 2269 ciceron
1600 2228 1675 2267 cet
1707 2218 1904 2266 homme
1937 2217 2057 2264 dont
2087 2217 2299 2267 Cicero»,

432 2297 567 2344 aime
588 2296 756 2345 mieux
787 2296 1088 2344 m’entendre
1117 2296 1282 2359 parler
1316 2311 1409 2358 que
1440 2296 1548 2344 d’en
1581 2295 1738 2358 parler
1769 2295 2049 2342 lui-meme:
2078 2311 2100 2336 α
2131 2292 2301 2353 Quol-

434 2389 690 2438 ques·un8,
712 2375 784 2423 lui
808 2376 945 2424 dit-il
966 2392 1030 2424 en
1047 2376 1315 2439 l'appelant
1338 2392 1425 2439 par
1459 2390 1545 2423 son
1581 2389 1715 2431 nom,
1741 2374 2081 2443 quelques-uns
2103 2377 2193 2420 ont
2214 2387 2301 2421 es-

430 2456 570 2517 aye,
611 2456 642 2503 ὲ
681 2454 813 2504 force
849 2454 1048 2518 d'usage
1088 2465 1136 2503 et
1174 2454 1541 2518 d’application,
1572 2453 1630 2501 de
1662 2453 1891 2516 produire
1931 2454 2061 2501 leurs
2094 2454 2299 2514 pensees

434 2547 549 2580 sous
587 2532 669 2580 des
706 2533 885 2582 formes
919 2534 1198 2592 brillante83
1239 2535 1365 2580 mais
1404 2549 1526 2581 vous
1570 2548 1684 2581 avez
1719 2532 1766 2581 le
1801 2534 2009 2596 premier
2038 2533 2299 2580 decouvert

426 2618 594 2659 tontes
618 2612 688 2659 les
707 2613 941 2661 richesses
965 2613 1024 2660 de
1051 2614 1332 2660 l’eloeution
1356 2630 1368 2668 ς
1392 2620 1438 2659 et
1462 2615 1490 2659 ὲ
1520 2628 1574 2660 ce
1599 2613 1730 2671 titre,
1756 2628 1877 2661 vous
1901 2628 2016 2661 avez
2047 2614 2161 2661 bien
2190 2614 2297 2659 me·

432 2693 527 2738 rite
550 2690 615 2738 du
635 2707 749 2739 nom
773 2693 962 2740 romain
989 2699 1037 2739 et
1060 2691 1242 2739 honore'
1265 2692 1315 2737 la
1349 2692 1529 2753 patrie3
1561 2710 1584 2735 υ
1607 2692 1669 2741 Je
1691 2692 1740 2740 le
1766 2693 1940 2755 repete,
1967 2696 2106 2755 apres
2132 2708 2200 2739 un
2226 2694 2296 2740 tel

426 2784 665 2831 ouvrage,
694 2771 916 2819 observet
934 2785 1025 2832 que
1047 2770 1192 2819 Cesar
1214 2770 1400 2816 excelle
1423 2770 1543 2816 dans
1570 2770 1618 2817 le
1645 2771 1857 2836 langage
1878 2772 2050 2833 simple
2071 2777 2118 2818 et
2142 2772 2294 2819 fami—

431 2848 526 2896 lior
559 2848 618 2894 de
636 2849 686 2894 la
704 2849 1060 2904 conversation,
1084 2856 1159 2896 est
1181 2861 1278 2895 une
1293 2847 1439 2895 chose
1466 2848 1726 2897 deson-mais
1754 2851 1942 2899 inutile.

502 2926 727 2975 LXXIII.
754 2953 820 2963 —
844 2928 1025 2985 Certes‚
1057 2927 1129 2975 dit
1149 2928 1351 2985 Brutus,
1381 2928 1585 2976 l'amitie
1616 2944 1677 2975 ne
1703 2937 1819 2992 peut
1841 2939 2038 2977 trouver
2072 2945 2142 2977 un
2179 2930 2294 2992 plns

429 3007 510 3054 bel
534 3007 690 3068 eloge.
715 3024 741 3050 α
765 3005 905 3053 Vous
925 3020 1039 3053 avez
1061 3005 1320 3054 decouvert
1355 3007 1400 3054 le
1431 3008 1639 3069 premier
1662 3016 1821 3056 tontes
1853 3010 1923 3057 les
1957 3009 2195 3070 richesses
2232 3009 2292 3058 de

426 3109 459 3135 α
501 3088 814 3149 l'elocution3
850 3098 899 3137 et
945 3089 1063 3138 c’est
1098 3105 1190 3152 peu
1229 3091 1287 3138 de
1324 3097 1448 3140 cette
1482 3092 1693 3155 louange
1731 3091 2030 3156 magnifique
2057 3110 2070 3140 ε
2102 3111 2126 3137 α
2148 3092 2293 3141 Vous

426 3185 461 3211 -«
496 3183 610 3214 avez
633 3167 743 3214 bien
765 3167 935 3215 merite
958 3166 1024 3214 du
1048 3183 1165 3216 nom
1199 3169 1395 3217 romain
1428 3178 1477 3216 et
1513 3168 1698 3218 honore
1720 3171 1773 3218 la
1795 3169 1973 3233 patrie!
2004 3189 2029 3213 υ
2057 3171 2127 3219 En
2154 3169 2289 3228 effet,

431 3248 477 3294 le
501 3248 607 3295 seul
642 3253 881 3311 avantage
907 3263 1001 3310 que
1038 3249 1091 3296 la
1122 3248 1275 3298 Grece
1295 3250 1503 3301 vaincue
1537 3253 1790 3299 conservat
1827 3267 1911 3300 sur
1937 3266 2081 3310 nous,
2108 3250 2181 3298 lui
2215 3259 2296 3301 est

426 3328 614 3385 enleve,
648 3343 711 3374 ou
733 3326 799 3375 du
820 3329 977 3377 moins
1002 3345 1126 3377 nous
1153 3330 1196 3376 le
1229 3341 1522 3391 partageons
1549 3330 1856 3379 maintenant
1876 3346 1990 3379 avec
2021 3331 2131 3394 elle.
2162 3329 2286 3388 Oui,

424 3408 799 3463 continua—t-il,
819 3407 870 3470 je
894 3415 1063 3456 trouve
1088 3423 1143 3455 ce
1168 3409 1390 3471 glorienx
1416 3409 1722 3472 temoignage
1746 3408 1806 3458 de
1826 3409 1972 3460 Cesar
1993 3409 2286 3472 preferable,

417 3483 479 3545 je
502 3501 564 3533 ne
585 3487 657 3534 dis
679 3502 767 3553 pas
789 3503 887 3535 aux
911 3490 1097 3537 actions
1120 3487 1177 3536 de
1212 3492 1384 3554 graces
1435 3488 1702 3537 ordonnees
1728 3503 1785 3537 en
1820 3497 1958 3538 votre
1978 3503 2111 3549 nom,
2154 3490 2289 3539 maie
