2592 4084
408 421 520 476 262
1192 436 1466 484 neurus·

403 561 547 616 rose,
576 550 640 601 ut
657 546 975 620 putabatur,
1005 549 1123 606 sive
1148 551 1390 624 ingenuo
1413 553 1698 629 liberoque
1720 556 1963 612 fastidio.
1987 559 2044 611 is
2070 572 2259 627 quum

402 642 537 698 satis
557 641 833 701 floruisset
858 644 1200 715 adolescens,
1222 649 1405 705 minor
1425 650 1620 707 haberi
1651 657 1736 708 est
1776 658 1982 726 coeptus
2007 658 2209 724 postea
2233 669 2253 724 ς

402 736 601 793 deinde
623 755 690 793 ex
713 739 994 812 virginum
1012 741 1222 815 judicio
1244 762 1503 816 magnam
1527 747 1752 804 laudem
1790 754 1877 804 est
1904 748 2164 818 adeptus,
2191 752 2258 802 et

401 849 469 889 ex
492 849 556 890 eo
584 840 834 908 tempore
859 839 1018 910 quasi
1044 848 1335 897 revocatus
1364 842 1421 898 in
1449 860 1696 917 cursum,
1715 846 1896 901 tenuit
1919 845 2106 900 locum
2132 850 2258 900 tam

402 929 517 1001 diu,
543 946 709 1003 quam
725 932 870 990 ferre
890 936 1356 1010 potuitlaborem;
1379 945 1590 1012 postea,
1615 948 1886 1013 quantum
1912 941 2152 996 detraxit
2176 957 2258 996 ex

399 1024 602 1100 studio,
628 1032 845 1085 tantum
872 1031 1058 1087 amisit
1097 1049 1161 1087 ex
1190 1033 1391 1105 gloria.
1426 1038 1494 1091 P.
1522 1040 1753 1093 Murena
1790 1037 2057 1093 mediocri
2083 1037 2254 1108 inge-

398 1121 511 1192 ni0‚
538 1123 638 1180 sed
665 1141 866 1198 magno
890 1126 1074 1183 studio
1103 1145 1293 1187 rerum
1318 1135 1591 1204 veterum,
1621 1133 1930 1189 litterarum
1960 1138 2016 1189 et
2038 1133 2258 1188 studio-

397 1234 493 1275 sus
515 1225 573 1277 et
595 1237 706 1277 non
726 1222 1032 1296 imperitus,
1058 1225 1252 1281 multae
1278 1226 1569 1284 industriae
1589 1234 1647 1285 et
1669 1230 1858 1302 magni
1882 1228 2090 1285 laboris
2116 1228 2250 1284 fuit.

398 1317 459 1372 C.
491 1318 825 1376 Censorinus
845 1322 1048 1378 Graecis
1072 1323 1274 1381 litteris
1299 1325 1433 1381 satis
1460 1326 1672 1396 doctus,
1695 1327 1842 1399 quod
1858 1330 2250 1399 proposuerat,

397 1413 677 1487 explicans
704 1416 977 1490 expedite,
1007 1435 1120 1475 non
1154 1420 1478 1478 invenustus
1505 1429 1679 1494 actor,
1718 1423 1817 1479 sed
1845 1423 2015 1492 iners,
2043 1428 2100 1478 et
2135 1422 2253 1477 ini-

394 1511 573 1568 micus
598 1511 725 1568 fori.
752 1515 812 1569 L.
842 1515 1045 1571 Turius
1072 1532 1243 1587 parvo
1271 1516 1515 1590 ingenio,
1537 1519 1637 1576 sed
1661 1519 1833 1575 multo
1856 1518 2068 1590 labore,
2101 1532 2245 1592 quo-

395 1625 505 1682 quo
529 1609 693 1665 modo
718 1615 957 1683 poterat,
985 1628 1132 1684 saepe
1164 1614 1404 1671 dicebat.
1430 1618 1619 1688 Itaque
1661 1616 1714 1672 ei
1750 1631 1943 1688 pauc·
1975 1615 2250 1670 centuriae

395 1707 466 1764 ad
485 1708 832 1764 consulatum
848 1707 1162 1765 defuerunt.
1186 1709 1245 1765 C.
1272 1712 1458 1766 Macer
1474 1712 1795 1767 auctoritate
1818 1726 2042 1783 semper
2063 1710 2241 1782 eguit,

395 1803 495 1859 sed
537 1803 642 1860 fuit
681 1809 948 1876 patronus
996 1807 1402 1877 propemodum
1442 1806 1918 1879 diligentissimus,
1967 1806 2148 1879 Hujus
2192 1807 2248 1862 si

397 1902 530 1972 vita,
557 1901 606 1957 si
629 1915 838 1973 mores,
865 1901 912 1956 si
937 1900 1124 1958 vultus
1153 1902 1391 1976 denique
1417 1919 1528 1959 non
1553 1919 1775 1959 omnem
1804 1902 2244 1959 commendatio-

395 2177 477 2238 qui
513 2174 683 2222 n'etait
710 2176 945 2236 peut-&tre
986 2188 1077 2236 que
1109 2171 1422 2237 l’expression
1471 2172 1671 2221 francho
1699 2178 1747 2220 et
1777 2176 1918 2221 nalve
1950 2173 2066 2220 d’un
2102 2174 2248 2237 juste

395 2267 594 2331 degoflt.
620 2267 774 2330 Aprea
793 2266 929 2315 avoir
948 2265 1044 2328 jete'
1063 2282 1194 2316 assez
1213 2267 1389 2317 d’eclat
1405 2267 1526 2314 dans
1553 2281 1609 2315 sa
1628 2266 1870 2330 jeuneese,
1885 2281 1941 2314 aa
1962 2266 2246 2328 reputatiou

394 2360 571 2410 dechut
596 2374 687 2424 peu
710 2360 743 2409 a
767 2375 878 2425 peu.
913 2361 1030 2408 Plus
1051 2361 1179 2423 tar-d,
1204 2361 1251 2409 le
1272 2361 1440 2425 proces
1462 2359 1544 2407 des
1565 2359 1789 2407 Vestales
1805 2359 1878 2406 lui
1900 2357 1957 2406 fit
1987 2359 2246 2422 beaucoup

395 2458 666 2506 d'honneur
685 2479 701 2523 ;
726 2463 790 2515 et,
822 2457 1013 2520 rappele
1041 2456 1161 2505 dans
1202 2457 1254 2503 la
1273 2454 1483 2504 carriere
1504 2467 1591 2517 par
1618 2466 1673 2500 ce
1694 2452 1893 2509 succe&
1908 2452 1947 2499 il
1969 2451 2044 2514 s’y
2066 2450 2248 2500 distin-

393 2563 493 2613 gua
531 2549 661 2596 aussi
697 2549 975 2610 longtempe
1017 2547 1139 2609 qu’il
1165 2553 1254 2608 put
1277 2545 1493 2592 aoutenir
1525 2545 1573 2592 le
1608 2541 1804 2591 travail.
1830 2542 2019 2591 Autant
2046 2542 2170 2590 dana
2190 2543 2247 2590 la.

394 2643 519 2689 fluite
540 2641 580 2688 il
601 2639 862 2689 retrancha
880 2639 940 2687 de
960 2654 1034 2687 aes
1051 2638 1234 2692 «Studes,
1260 2643 1434 2687 autaut
1457 2637 1494 2685 il
1522 2636 1681 2700 perdit
1700 2634 1756 2684 de
1776 2650 1831 2683 sa
1850 2636 2022 2700 gleire.
2046 2632 2102 2683 P.
2127 2636 2244 2684 Mu-

391 2735 526 2795 rena,
556 2733 684 2781 done
704 2732 823 2780 d’un
842 2733 996 2779 taient
1015 2730 1271 2787 mediocre,
1297 2731 1421 2778 maie
1454 2729 1590 2778 riche
1611 2730 1671 2779 de
1688 2731 2062 2781 connaissances
2076 2730 2243 2779 histo-

391 2826 573 2888 riques,
599 2824 786 2872 aimant
804 2823 875 2871 les
903 2824 1068 2871 lettres
1091 2829 1139 2871 et
1172 2823 1243 2870 les
1275 2822 1514 2871 cultivant
1542 2837 1661 2871 avec
1690 2823 1896 2887 quelque
1926 2824 2110 2879 moues,
2158 2832 2244 2872 eut

391 2933 489 2968 une
513 2915 710 2967 activite
734 2914 1041 2978 infatigable,
1056 2921 1106 2962 et
1132 2914 1211 2962 fut
1230 2915 1551 2978 tres-occupe-
1579 2913 1636 2966 O.
1660 2914 1975 2975 Censorinus,
1997 2930 2130 2962 assez
2154 2915 2242 2963 in-

393 3010 541 3059 struit
565 3008 687 3056 dans
723 3007 776 3055 la
794 3007 1063 3055 litterature
1105 3021 1333 3071 gmcque,
1361 3009 1579 3070 exposuit
1602 3023 1656 3056 aa
1688 3009 1859 3070 pensee
1896 3022 2012 3056 aveo
2035 3007 2238 3067 facilia.

390 3108 445 3152 et
459 3116 549 3150 son
575 3100 738 3149 action
765 3098 936 3149 n’etait
954 3114 1040 3162 pas
1054 3115 1168 3148 sans
1190 3103 1389 3168 grace85
1414 3102 1539 3150 maie
1560 3102 1598 3150 il
1615 3102 1736 3150 etait
1752 3115 2011 3166 paresseux
2034 3107 2084 3148 et
2103 3100 2245 3148 hais-

390 3195 484 3243 aait
503 3195 551 3242 le
568 3194 792 3241 bari-cau.
813 3191 875 3241 L.
896 3191 1095 3263 Turius,
1119 3208 1236 3244 avec
1253 3209 1348 3258 peu
1370 3194 1428 3243 de
1451 3194 1592 3258 genie
1618 3200 1667 3242 et
1682 3194 1933 3257 beaucoup
1955 3193 2014 3240 de
2037 3195 2239 3258 travail,

390 3287 571 3351 parlait
604 3285 663 3334 de
701 3300 789 3334 son
809 3286 990 3348 mienx,
1017 3296 1066 3335 et
1084 3289 1263 3352 parlait
1291 3293 1518 3335 souvent:
1563 3286 1691 3334 aussi
1709 3301 1776 3334 ne
1791 3285 1865 3334 lui
1885 3289 2239 3348 mnnqm-t—ss,

391 3396 515 3444 pour
540 3382 640 3430 atre
668 3379 856 3438 consul,
891 3380 1043 3443 qu’un
1072 3384 1192 3446 petit
1212 3381 1414 3430 nombre
1437 3380 1497 3428 de
1518 3380 1774 3429 centurion.
1818 3378 1874 3430 C.
1914 3379 2078 3428 Macer
2102 3380 2246 3433 n’eut

392 3473 567 3535 iamais
591 3489 661 3523 un
682 3489 795 3524 nom
832 3474 1078 3524 considere
1101 3493 1116 3535 ς
1141 3477 1266 3523 mais
1306 3489 1400 3538 peu
1438 3473 1680 3521 d’avocata
1700 3472 2008 3536 deployereut
2029 3488 2100 3520 un
2137 3476 2245 3523 zela

393 3568 521 3615 anesi
540 3569 676 3618 actif.
702 3569 753 3619 Si
773 3583 828 3618 aa
837 3570 931 3627 vie,
968 3583 1043 3617 aes
1065 3583 1269 3629 moeurs,
1286 3582 1343 3616 sa
1361 3566 1694 3631 physionomie
1717 3564 1866 3625 enfin,
1883 3566 2127 3613 n’eussent
2152 3567 2240 3613 de·
2267 3632 2274 3636 -
