2592 4084
476 299 594 356 240
1268 312 1531 358 num-us,

475 441 602 480 rum
622 430 724 491 est,
753 441 821 479 ex
840 430 1088 496 tempore
1104 428 1305 484 dicenti
1333 429 1552 485 solitam
1575 425 1802 482 effluere
1826 426 2084 482 mentem.
2125 430 2320 500 Itaque

473 534 645 589 quum
683 517 735 573 ei
776 535 879 574 nec
916 521 1160 577 officium
1205 523 1437 590 deesset,
1473 529 1528 578 et
1560 522 1822 593 flagraret
1854 522 2033 577 studio
2074 522 2320 592 dicendi,

472 627 766 685 perpaucae
804 614 874 669 ad
901 630 1029 670 eum
1057 633 1237 673 causae
1269 618 1676 674 deferebantur.
1717 619 1916 674 Orator
1938 622 2145 688 autem,
2177 617 2321 673 vivis

473 706 596 774 ejus
641 704 967 776 aequalibuS‚
1015 709 1302 778 proximus
1350 710 1569 780 optimis
1623 708 2035 779 numerabatur,
2093 714 2320 779 propter

472 796 769 852 verborum
812 797 1135 864 bonitatem.
1180 808 1243 857 ut
1280 808 1408 857 ante
1452 801 1585 869 dixi,
1632 806 1688 857 et
1735 800 2046 872 expeditam
2076 816 2144 855 ac
2188 814 2318 870 pro-

470 886 732 943 fluentem
770 890 1010 960 quodam
1052 892 1214 947 modo
1259 893 1619 949 celeritatem.
1661 896 1852 965 Itaque
1890 893 2010 964 ejus
2037 893 2317 949 orationes

471 977 856 1049 adspiciendas
884 986 1071 1037 tamen
1100 999 1333 1056 cense03
1366 991 1496 1040 sunt
1521 984 1632 1040 illae
1655 984 1879 1056 quidem
1910 984 2311 1056 languidioreS,

469 1080 857 1131 verumtamen
882 1083 1112 1148 possunt
1146 1093 1352 1148 augere
1384 1083 1441 1133 et
1470 1079 1628 1150 quasi
1654 1077 1805 1133 alere
1833 1076 1889 1131 id
1912 1077 2141 1149 bonum,
2169 1079 2316 1150 quod

470 1166 526 1221 in
564 1166 660 1222 illo
688 1167 1045 1223 mediocriter
1084 1169 1256 1224 fuisse
1300 1169 1694 1241 concedimus;
1731 1169 1878 1240 quod
1904 1168 2070 1224 habet
2105 1173 2311 1223 tantam

467 1260 603 1325 vim,
637 1265 698 1316 ut
736 1261 934 1332 solum,
966 1261 1084 1317 sine
1113 1261 1262 1327 aliis,
1294 1261 1351 1316 in
1388 1261 1623 1315 Curione
1664 1258 1907 1331 speciem
1945 1259 2182 1314 oratoris
2210 1258 2312 1313 ali-

469 1353 627 1423 cujus
658 1353 925 1408 effecerit.
959 1353 1067 1408 Sed
1099 1353 1167 1408 ad
1188 1353 1437 1408 instituta
1462 1351 1775 1407 redeamus·

537 1447 694 1500 LX11.
735 1447 799 1499 In
827 1445 1025 1500 eodem
1064 1445 1236 1517 igitur
1270 1461 1501 1500 numero
1537 1442 1787 1515 ejusdem
1818 1443 1997 1498 aetatis
2024 1444 2088 1498 C.
2133 1445 2309 1500 Carbo

468 1631 569 1685 sed
591 1635 777 1686 tamen
803 1638 991 1687 orator
1013 1637 1338 1687 numeratus
1369 1637 1470 1686 est.
1497 1633 1629 1685 Erat
1667 1630 1724 1684 in
1751 1629 1939 1685 verbis
1961 1629 2231 1702 gravitas»,
2259 1635 2314 1686 et

469 1723 634 1779 facile
658 1724 894 1795 dicebat,
924 1730 980 1781 et
1002 1723 1387 1781 auctoritatem
1414 1720 2048 1792 naturalequuamdam
2074 1720 2313 1777 habebat

468 1817 663 1872 oratic.
689 1817 911 1873 Acutior
936 1819 1002 1885 Q.
1031 1816 1229 1873 Varius
1250 1815 1417 1870 rebus
1437 1814 1804 1884 inveniendis»,
1828 1829 1931 1870 nec
1958 1813 2143 1869 minus
2179 1831 2309 1872 ver-

464 1975 572 2018 vint
596 1984 700 2032 pas,
726 1971 864 2032 apres
888 1970 1116 2031 quelques
1148 1962 1405 2029 momente,
1433 1967 1492 2015 de
1516 1981 1569 2015 oe
1590 1966 1712 2029 qu'il
1734 1966 1898 2014 venuit
1929 1964 2145 2024 d’ecrire,
2174 1965 2312 2014 faut·

464 2049 503 2095 il
529 2049 768 2096 s’etonner
792 2046 934 2109 qu’en
953 2048 1147 2108 pariant
1167 2046 1513 2107 d’abondance‚
1544 2047 1591 2094 le
1611 2044 1665 2093 fil
1695 2044 1754 2093 de
1776 2060 1852 2092 ses
1875 2043 2005 2091 idees
2024 2044 2098 2091 lui
2120 2044 2308 2108 eebap-

464 2127 549 2187 pat
575 2122 808 2172 souvent?
833 2125 1000 2182 Aussi,
1035 2126 1276 2187 quoiqu’il
1307 2140 1369 2172 ne
1403 2125 1481 2173 fut
1513 2140 1599 2189 pas
1633 2138 1775 2172 avare
1808 2124 1866 2170 de
1897 2137 1970 2170 ses
2001 2126 2228 2180 services,
2262 2131 2310 2173 et

464 2204 586 2265 qu’il
612 2206 696 2251 eut
717 2203 769 2251 la
802 2205 995 2266 passion
1022 2203 1081 2251 de
1110 2205 1269 2266 parler
1290 2220 1350 2251 en
1387 2205 1568 2268 public,
1608 2218 1699 2266 peu
1739 2202 1795 2250 de
1830 2217 1997 2251 causes
2020 2202 2092 2250 lui
2127 2202 2309 2251 etaient

463 2282 686 2330 confides.
714 2281 765 2332 Si
790 2297 855 2330 on
867 2282 912 2330 le
935 2283 1114 2346 placait
1133 2284 1543 2332 immediatement
1563 2285 1702 2345 apres
1725 2283 1795 2330 les
1820 2282 2068 2329 meilleurs
2085 2288 2309 2331 orateurs

464 2361 524 2408 de
545 2376 631 2408 son
652 2363 760 2424 fige,
790 2362 973 2422 c’etait,
1001 2377 1188 2411 comme
1210 2364 1262 2426 je
1284 2365 1369 2411 l'ai
1402 2362 1490 2424 dit,
1517 2365 1548 2410 ὲ
1578 2375 1720 2409 cause
1747 2360 1815 2406 du
1844 2360 1941 2407 bon
1965 2358 2108 2408 choix
2133 2359 2191 2406 de
2227 2375 2310 2409 888

463 2441 784 2504 expressions,
801 2449 849 2489 et
870 2440 927 2488 de
947 2444 996 2489 la
1010 2436 1192 2490 sacilite
1213 2443 1378 2505 rapide
1396 2456 1512 2489 aveo
1530 2440 1737 2503 laquelle
1756 2440 1827 2487 les
1846 2440 2039 2502 pat-oles
2060 2439 2308 2489 coulaient

467 2519 525 2566 de
554 2536 609 2567 sa
630 2521 835 2569 bouche.
870 2521 999 2569 C'est
1026 2524 1264 2584 pourquoi
1287 2523 1341 2583 je
1365 2536 1509 2584 pense
1527 2536 1623 2582 que
1645 2534 1718 2567 ses
1746 2519 1968 2566 discours
1989 2519 2215 2566 meritent
2239 2534 2305 2566 au

461 2599 621 2645 moins
641 2613 711 2645 un
729 2614 852 2660 coup
871 2598 1021 2647 d’oeil.
1045 2598 1169 2647 Sans
1188 2598 1333 2646 doute
1359 2599 1421 2646 ils
1448 2607 1559 2645 sont
1579 2598 1933 2661 languissents3
1961 2597 2085 2642 mais
2106 2597 2169 2643 ils
2189 2611 2306 2659 peu-

461 2682 577 2722 vent
607 2678 805 2724 nourrir
834 2684 881 2723 et
914 2676 1119 2725 fortifier
1148 2677 1269 2724 dans
1301 2678 1373 2724 les
1406 2685 1570 2725 autres
1598 2691 1653 2724 ce
1681 2676 1835 2724 talent
1866 2674 2160 2722 d'eloeution
2185 2675 2307 2725 dont

461 2767 586 2799 nous
613 2744 982 2804 reconnaffssons
1005 2757 1124 2819 qu’il
1149 2758 1319 2803 n’etait
1338 2772 1423 2818 pas
1444 2757 1691 2819 depourvu
1717 2766 1732 2799 τ
1760 2756 1915 2804 talent
1943 2754 2063 2802 dont
2092 2755 2143 2802 la.
2163 2763 2303 2804 vertu

462 2838 534 2880 est
560 2834 603 2880 si
625 2832 829 2895 grande,
854 2849 946 2896 que
970 2836 1075 2883 seul
1099 2842 1148 2884 et
1167 2850 1280 2883 sans
1308 2838 1408 2883 &tre
1430 2843 1637 2885 soutenu
1659 2836 1866 2883 d’aucun
1891 2841 2031 2882 autre
2055 2835 2244 2894 merite,
2265 2837 2304 2885 il

461 2927 492 2960 a.
513 2913 627 2960 suffi
654 2928 778 2976 pour
803 2913 923 2962 faire
946 2914 1004 2961 de
1036 2914 1221 2963 Curion
1253 2931 1348 2963 une
1369 2918 1534 2980 espece
1556 2917 1669 2965 telle
1690 2917 1848 2979 quelle
1877 2915 2136 2964 d’orateur.
2174 2916 2302 2970 Mais

459 3006 693 3041 revenons
718 2993 748 3040 ὲ
767 3000 906 3042 notre
934 2993 1077 3056 sujet.

523 3070 677 3119 LXII.
703 3071 818 3119 Aux
858 3087 999 3120 noms
1034 3073 1117 3135 qui
1152 3075 1523 3136 appartiennent
1544 3077 1574 3122 iz
1616 3080 1739 3124 cette
1761 3075 2067 3138 generatim,
2110 3074 2150 3123 il
2183 3070 2295 3124 faut

457 3150 653 3213 joindre
671 3149 730 3199 C.
758 3150 972 3208 Carbon,
993 3151 1073 3200 fils
1098 3152 1156 3199 de
1177 3154 1305 3201 celui
1330 3154 1451 3202 dont
1472 3154 1766 3216 l'eloquence
1790 3154 1909 3203 etait
1930 3155 1973 3202 si
1997 3156 2295 3204 renommee.

461 3229 538 3280 On
561 3229 607 3277 le
628 3230 860 3292 comptait
888 3245 1074 3279 comme
1099 3246 1171 3279 un
1197 3239 1391 3281 orateur
1413 3233 1472 3281 de
1494 3248 1586 3295 peu
1608 3233 1944 3292 d'invention3
1971 3247 2037 3282 on
2069 3234 2111 3281 le
2134 3245 2296 3294 comp-

459 3309 551 3359 tait
575 3310 878 3358 neanmoins.
907 3310 990 3361 See
1022 3315 1326 3375 expressions
1347 3312 1526 3362 etaient
1545 3314 1729 3372 nobles,
1755 3327 1841 3360 son
1864 3313 2107 3361 elocution
2130 3312 2291 3370 facile,

460 3404 514 3437 sa
541 3390 756 3438 maniere
781 3392 1155 3440 naturellement
1186 3393 1473 3456 imposante.
1508 3393 1569 3453 Q.
1594 3391 1774 3442 Varius
1801 3393 1934 3441 avait
1954 3394 2065 3455 plus
2094 3390 2291 3450 (Videon,

460 3475 508 3517 et
535 3483 636 3519 non
663 3472 822 3521 moins
851 3470 908 3520 de
943 3471 1126 3522 facilite
1160 3474 1190 3521 ὲ
1220 3474 1519 3539 s’exprimer.
1549 3472 1756 3537 Ajoutez
1783 3488 1877 3521 une
1910 3473 2071 3520 action
2090 3468 2222 3517 forte
2242 3476 2289 3518 et
