2592 4084
341 440 443 472 non
465 424 552 471 ille
571 422 770 484 quidam
789 426 968 478 orator,

344 491 428 536 sed
459 497 624 536 tamen
650 504 748 535 non
778 487 965 544 insana

344 556 406 615 Q.
439 555 637 614 Varius,
666 555 726 604 C.
752 554 927 610 Carbo,

345 622 441 669 Cn.
469 622 789 683 Pomponius,
817 619 1006 667 diserti:

337 697 392 735 et
416 688 451 734 ii
480 687 673 748 quidem
696 686 979 735 habitabant

342 754 397 800 in
418 755 610 801 rostris.

344 818 400 868 C.
426 818 595 868 Julius
617 819 781 875 etiam,

337 884 506 932 sedilis
525 885 712 944 curilis,

344 950 553 999 habebat
574 951 673 999 fere
695 948 906 1014 quotidie

344 1013 600 1065 orationes
601 1019 877 1065 accuratas.

335 1081 432 1130 Sed
453 1084 640 1145 primus
663 1083 798 1132 dolor

341 1150 585 1209 percussit
605 1165 681 1197 me

343 1214 710 1276 cupidissimum
736 1213 982 1271 audiendi,

333 1294 492 1340 quum
514 1282 656 1330 Cotta
677 1288 751 1330 est
771 1281 1033 1345 expulsus:

339 1347 543 1394 audiens
565 1349 781 1411 reliquos

337 1410 611 1474 frequenter

338 1480 538 1526 tenebar
558 1481 720 1530 studio
742 1475 1021 1538 accerrimo,

340 1545 653 1607 quotidieque
678 1553 729 1595 et
749 1546 965 1596 scribens

334 1618 384 1656 et
400 1610 583 1674 legens,

329 1682 384 1723 et
411 1683 759 1738 commentans,

335 1756 436 1789 non
459 1758 591 1790 eram
613 1750 867 1793 contentus

334 1810 759 1858 exercitationibus

329 1871 563 1920 'oratoriis
584 1879 791 1927 tantum.

336 1936 399 1996 Q.
426 1938 607 1987 Varius
624 1941 728 2003 jem
751 1951 1018 1993 excesserat

330 2017 465 2050 anno
488 2016 821 2068 consequente,

333 2069 592 2117 damnatus
617 2088 707 2121 sue
724 2074 847 2139 lege·

329 2132 436 2196 Ego
470 2142 650 2193 tutem,

330 2201 532 2248 studio
513 2203 638 2264 juris
658 2202 816 2253 civilis

331 2266 508 2314 dabam
533 2269 740 2317 multum
759 2286 914 2334 operae

329 2331 392 2392 Q.
422 2333 667 2392 Scaevolae‚
693 2334 750 2383 F.
776 2336 856 2395 P„

326 2397 426 2459 qui,
461 2414 742 2479 quanquam
765 2402 911 2452 dabat

325 2479 375 2511 se
396 2480 580 2514 nemim

325 2530 387 2577 ad
411 2531 697 2593 docendum,

323 2596 524 2646 docebat
541 2605 703 2647 tamen

323 2663 562 2712 studiosos
590 2665 838 2725 audiendi,

322 2728 651 2789 respondendo

321 2795 705 2847 consulentibus.

319 2859 481 2922 Atque
508 2862 761 2921 proximus
784 2863 901 2915 huic
925 2880 1054 2916 anno

319 2925 416 2972 fuit
436 2925 573 2974 Sulla
596 2930 797 2977 consule

318 2999 366 3038 et
383 2991 611 3055 Pompeio
628 3011 642 3050 ς

315 3066 420 3105 tum
451 3060 771 3122 cognovimus
791 3062 982 3124 penitus

315 3130 471 3171 totum
506 3141 662 3188 genus
692 3126 885 3176 dicendi

314 3188 373 3236 P.
396 3189 599 3253 Sulpicii

314 3255 643 3307 concionantis
663 3258 880 3321 quotidie

314 3321 367 3366 in
395 3322 665 3388 tribunatu3

313 3385 574 3449 eodemque
599 3404 811 3456 tempore

305 3465 463 3517 quum
485 3454 648 3515 Philo,

586 3568 798 3614 snmus

1127 302 1386 349 saurus.
2066 288 2189 346 ‚353

1137 435 1236 468 non
1254 435 1341 482 pas
1363 420 1438 467 lni
1461 427 1608 469 certes
1630 426 1839 477 orateur,

1136 485 1261 533 mais
1282 494 1510 548 pom-tant
1531 502 1626 535 non
1656 485 2117 547 inhabile-&parler

1132 551 1196 613 Q.
1216 551 1414 607 Varius,
1438 552 1492 601 C.
1515 553 1720 613 Carbou,

1133 619 1223 667 Cn.
1247 619 1541 680 Pomponius
1566 619 1764 677 (furent)
1785 618 2070 679 eloquente·
2057 653 2067 663 .

1132 692 1180 731 et
1204 699 1297 731 eux
1322 700 1490 731 encore
1511 683 1779 731 habitaient
2046 685 2165 749 [tres

1135 766 1232 798 eux
1264 759 1440 798 rostres
1477 751 1557 813 (ne
1587 749 1845 811 quittaient
1870 764 1956 811 pas
1978 751 2049 797 les
2077 768 2174 798 ros-

1134 817 1189 866 C.
1212 817 1382 865 Julius
1401 820 1550 875 aussi,

1131 883 1256 930 edile
1274 885 1458 940 curule,

1131 950 1420 1012 prononcait
1443 963 1647 1013 presque
1667 948 2042 1008 journellement

1135 1016 1216 1064 des
1240 1015 1457 1064 discours
1479 1016 1689 1077 soignes.

1132 1081 1257 1129 Mais
1279 1098 1346 1129 un
1368 1082 1573 1144 premier
1594 1080 1801 1144 chagrin

1132 1149 1330 1208 penetra
1354 1150 1453 1196 moi

1131 1214 1385 1262 tres-avide
1405 1215 1662 1270 (remutet,

1131 1279 1325 1342 lorsque
1345 1280 1486 1329 Cotta
1505 1280 1580 1328 fut
1603 1280 1755 1328 exile:

1129 1346 1356 1394 ecoutant
1378 1347 1447 1394 les
1467 1353 1630 1395 autres

1130 1413 1429 1459 assidflment

1125 1477 1289 1539 j'etais
1309 1478 1505 1540 possed&
1526 1479 1670 1526 d’une
1688 1477 1864 1526 ardeur
1886 1478 2128 1539 tres-vive,

1130 1552 1178 1590 et
1198 1544 1384 1605 chaque
1401 1545 1518 1607 jour
1534 1552 1582 1592 et
1601 1546 1817 1593 derivant

1130 1617 1177 1657 et
1204 1610 1370 1664 lisant,

1128 1682 1177 1722 et
1197 1675 1449 1731 meditent,

1121 1741 1175 1804 je
1195 1744 1367 1789 n’etais
1388 1757 1474 1803 pas
1502 1746 1698 1790 content

1126 1808 1207 1855 des
1225 1809 1464 1855 exercices

1116 1875 1356 1921 oratoires
1382 1875 1663 1921 seulement.

1123 1939 1182 1999 Q.
1212 1940 1392 1987 Varius
1415 1941 1534 1988 etait
1552 1939 1659 2000 deis
1674 1938 1803 2002 parti

1119 2007 1311 2054 l'annee
1331 2006 1569 2065 suivante‚

1120 2072 1385 2120 condamm}
1406 2072 1589 2134 d’apres
1609 2086 1665 2121 sa
1682 2086 1855 2136 propre
1886 2072 1972 2121 loi.

1119 2138 1283 2198 Quant
1306 2141 1336 2186 ὲ.
1354 2140 1472 2196 moi,

1121 2220 1207 2265 par
1226 2208 1347 2267 gout
1368 2219 1490 2266 pour
1514 2203 1563 2252 le
1586 2203 1715 2253 droit
1732 2205 1866 2264 civil,

1116 2270 1168 2331 je
1190 2270 1395 2317 donnais
1418 2272 1663 2331 beaucoup
1683 2269 1967 2319 d'attention

1120 2338 1152 2383 ὲ.
1173 2336 1233 2395 Q.
1260 2336 1473 2388 Scevola.
1496 2334 1576 2382 fils
1596 2333 1656 2381 de
1673 2334 1899 2393 Publius,

1119 2402 1225 2462 qni,
1245 2402 1361 2449 bien
1391 2401 1509 2463 qu’il
1526 2400 1680 2448 livrat

1105 2468 1191 2515 -soi
1214 2469 1245 2515 ὁ,
1263 2482 1498 2530 personne
1522 2476 1533 2489 ⁴

1116 2549 1240 2594 pour
1257 2534 1525 2596 enseigner,

1113 2600 1387 2647 instruissit
1410 2598 1680 2662 cependent

1105 2665 1180 2713 les
1211 2665 1584 2728 gens-desireux
1606 2665 1665 2714 de
1688 2664 1970 2726 l’entendre‚

1109 2746 1169 2779 en
1204 2732 1476 2795 repondant

1108 2798 1402 2859 s-oeux-qui
1430 2804 1470 2846 lo
1494 2798 1834 2847 consultaient.

1109 2863 1173 2912 Et
1190 2865 1420 2925 (l’annee)
1442 2863 1702 2927 qui-suivit
1723 2871 1845 2913 cette
1862 2868 2014 2916 annes

1109 2930 1186 2979 fut
1200 2946 1306 2977 avec
1324 2930 1460 2992 Sylla
1476 2930 1786 2994 pour-consul

1110 3006 1158 3043 et
1191 2996 1417 3061 Pompee3

1109 3064 1239 3110 alors
1255 3077 1380 3111 nous
1400 3063 1664 3110 connumes
1679 3061 1854 3111 h-fond

1109 3135 1241 3177 toute
1259 3129 1312 3175 la
1328 3128 1544 3176 muniere
1562 3127 1620 3176 de
1637 3128 1796 3191 parler

1108 3193 1166 3240 de
1187 3193 1246 3241 P.
1269 3193 1514 3258 Sulpicius

1104 3267 1415 3323 naranguant
1433 3256 1806 3324 tous-les-jours

1108 3325 1227 3373 dens
1248 3342 1331 3373 son
1352 3327 1602 3383 tribunam

1110 3400 1158 3439 et
1186 3391 1305 3440 dans
1326 3392 1372 3440 le
1392 3394 1546 3442 meme
1568 3397 1739 3456 temps,

1108 3472 1294 3508 comme
1313 3458 1507 3518 Philon,

1783 3561 1872 3616 23.
1920 3579 1923 3584 ,
