<?xml version="1.0" encoding="UTF-8"?>
<!DOCTYPE html PUBLIC "-//W3C//DTD XHTML 1.0 Transitional//EN"
    "http://www.w3.org/TR/xhtml1/DTD/xhtml1-transitional.dtd">
<html xmlns="http://www.w3.org/1999/xhtml" xml:lang="en" lang="en">
 <head>
  <title>
</title>
<meta http-equiv="Content-Type" content="text/html;charset=utf-8" />
  <meta name='ocr-system' content='tesseract 3.04.00' />
  <meta name='ocr-capabilities' content='ocr_page ocr_carea ocr_par ocr_line ocrx_word'/>
</head>
<body>
  <div class='ocr_page' id='page_1' title='image "./brutus03cicegoog_0203.png"; bbox 0 0 2592 4084; ppageno 0'>
   <div class='ocr_carea' id='block_1_1' title="bbox 1074 312 2125 370">
    <p class='ocr_par' dir='ltr' id='par_1_1' title="bbox 1074 312 2125 370">
     <span class='ocr_line' id='line_1_1' title="bbox 1074 312 2125 370; baseline 0 -2"><span class='ocrx_word' id='word_1_1' title='bbox 1074 324 1342 369; x_wconf 71' lang='lat' dir='ltr'>mun-us.</span> <span class='ocrx_word' id='word_1_2' title='bbox 1481 357 1492 362; x_wconf 78' lang='grc'>-</span> <span class='ocrx_word' id='word_1_3' title='bbox 2019 312 2125 370; x_wconf 77' lang='lat'>191</span> 
     </span>
    </p>
   </div>
   <div class='ocr_carea' id='block_1_2' title="bbox 272 439 1615 503">
    <p class='ocr_par' dir='ltr' id='par_1_2' title="bbox 272 439 1615 503">
     <span class='ocr_line' id='line_1_2' title="bbox 272 439 1615 503; baseline -0.001 -14"><span class='ocrx_word' id='word_1_4' title='bbox 272 442 628 503; x_wconf 72' lang='lat' dir='ltr'><strong>assequebatur</strong></span> <span class='ocrx_word' id='word_1_5' title='bbox 646 440 983 488; x_wconf 80' lang='lat' dir='ltr'>auctoritatem</span> <span class='ocrx_word' id='word_1_6' title='bbox 1074 439 1115 488; x_wconf 71' lang='lat' dir='ltr'>il</span> <span class='ocrx_word' id='word_1_7' title='bbox 1133 440 1352 488; x_wconf 81' lang='lat' dir='ltr'>obtenait</span> <span class='ocrx_word' id='word_1_8' title='bbox 1371 441 1615 488; x_wconf 74' lang='lat' dir='ltr'>l’autorite</span> 
     </span>
    </p>
   </div>
   <div class='ocr_carea' id='block_1_3' title="bbox 271 506 2001 2090">
    <p class='ocr_par' dir='ltr' id='par_1_3' title="bbox 271 506 2001 2090">
     <span class='ocr_line' id='line_1_3' title="bbox 271 506 1756 572; baseline -0.002 -14"><span class='ocrx_word' id='word_1_9' title='bbox 271 507 641 565; x_wconf 73' lang='lat' dir='ltr'>consularium3</span> <span class='ocrx_word' id='word_1_10' title='bbox 1076 506 1158 552; x_wconf 85' lang='lat' dir='ltr'>des</span> <span class='ocrx_word' id='word_1_11' title='bbox 1192 506 1756 572; x_wconf 75' lang='lat' dir='ltr'>hommes-consulaires3</span> 
     </span>
     <span class='ocr_line' id='line_1_4' title="bbox 274 572 1924 637; baseline 0 -15"><span class='ocrx_word' id='word_1_12' title='bbox 274 573 363 623; x_wconf 83' lang='lat' dir='ltr'>sed</span> <span class='ocrx_word' id='word_1_13' title='bbox 385 577 436 621; x_wconf 86' lang='lat' dir='ltr'>in</span> <span class='ocrx_word' id='word_1_14' title='bbox 464 574 624 620; x_wconf 80' lang='lat' dir='ltr'>causis</span> <span class='ocrx_word' id='word_1_15' title='bbox 658 573 870 634; x_wconf 83' lang='lat' dir='ltr'>publicis</span> <span class='ocrx_word' id='word_1_16' title='bbox 1074 574 1200 618; x_wconf 79' lang='lat' dir='ltr'>mais</span> <span class='ocrx_word' id='word_1_17' title='bbox 1221 573 1342 618; x_wconf 84' lang='lat' dir='ltr'>dans</span> <span class='ocrx_word' id='word_1_18' title='bbox 1365 574 1432 619; x_wconf 87' lang='lat' dir='ltr'>les</span> <span class='ocrx_word' id='word_1_19' title='bbox 1457 572 1648 621; x_wconf 78' lang='lat' dir='ltr'>affaires</span> <span class='ocrx_word' id='word_1_20' title='bbox 1673 573 1924 637; x_wconf 81' lang='lat' dir='ltr'>publiques</span> 
     </span>
     <span class='ocr_line' id='line_1_5' title="bbox 272 637 1510 700; baseline -0.002 -12"><span class='ocrx_word' id='word_1_21' title='bbox 272 639 537 688; x_wconf 82' lang='lat' dir='ltr'>videbatur</span> <span class='ocrx_word' id='word_1_22' title='bbox 561 637 703 697; x_wconf 79' lang='lat' dir='ltr'>nihil,</span> <span class='ocrx_word' id='word_1_23' title='bbox 1074 638 1112 685; x_wconf 90' lang='lat' dir='ltr'>il</span> <span class='ocrx_word' id='word_1_24' title='bbox 1134 640 1388 700; x_wconf 79' lang='lat' dir='ltr'>paraissait</span> <span class='ocrx_word' id='word_1_25' title='bbox 1404 639 1510 700; x_wconf 87' lang='lat' dir='ltr'>nul,</span> 
     </span>
     <span class='ocr_line' id='line_1_6' title="bbox 271 704 1721 770; baseline -0.001 -15"><span class='ocrx_word' id='word_1_26' title='bbox 271 707 333 755; x_wconf 88' lang='lat' dir='ltr'>in</span> <span class='ocrx_word' id='word_1_27' title='bbox 367 707 571 768; x_wconf 79' lang='lat' dir='ltr'>privatis</span> <span class='ocrx_word' id='word_1_28' title='bbox 1079 704 1203 751; x_wconf 76' lang='lat' dir='ltr'>dans</span> <span class='ocrx_word' id='word_1_29' title='bbox 1223 705 1292 751; x_wconf 87' lang='lat' dir='ltr'>les</span> <span class='ocrx_word' id='word_1_30' title='bbox 1321 704 1512 753; x_wconf 78' lang='lat' dir='ltr'>affaires</span> <span class='ocrx_word' id='word_1_31' title='bbox 1537 707 1721 770; x_wconf 74' lang='lat' dir='ltr'>privees</span> 
     </span>
     <span class='ocr_line' id='line_1_7' title="bbox 272 774 1360 821; baseline -0.003 0"><span class='ocrx_word' id='word_1_32' title='bbox 272 774 400 821; x_wconf 77' lang='lat' dir='ltr'>satis</span> <span class='ocrx_word' id='word_1_33' title='bbox 418 780 674 819; x_wconf 75' lang='lat' dir='ltr'><strong>veterator.</strong></span> <span class='ocrx_word' id='word_1_34' title='bbox 1075 784 1209 818; x_wconf 75' lang='lat' dir='ltr'>assez</span> <span class='ocrx_word' id='word_1_35' title='bbox 1230 774 1360 818; x_wconf 77' lang='lat' dir='ltr'>ruse.</span> 
     </span>
     <span class='ocr_line' id='line_1_8' title="bbox 349 835 1730 901; baseline -0.001 -14"><span class='ocrx_word' id='word_1_36' title='bbox 349 837 411 898; x_wconf 97' lang='lat' dir='ltr'>Q.</span> <span class='ocrx_word' id='word_1_37' title='bbox 449 838 702 885; x_wconf 79' lang='lat' dir='ltr'>Lucretius</span> <span class='ocrx_word' id='word_1_38' title='bbox 723 836 935 899; x_wconf 84' lang='lat' dir='ltr'>Vispillo</span> <span class='ocrx_word' id='word_1_39' title='bbox 1144 835 1204 897; x_wconf 89' lang='lat' dir='ltr'>Q.</span> <span class='ocrx_word' id='word_1_40' title='bbox 1227 837 1485 885; x_wconf 71' lang='lat' dir='ltr'>Lucretius</span> <span class='ocrx_word' id='word_1_41' title='bbox 1517 838 1730 901; x_wconf 81' lang='lat' dir='ltr'>Vispillo</span> 
     </span>
     <span class='ocr_line' id='line_1_9' title="bbox 275 902 1386 963; baseline -0.004 -11"><span class='ocrx_word' id='word_1_42' title='bbox 275 913 386 954; x_wconf 79' lang='lat' dir='ltr'>erat</span> <span class='ocrx_word' id='word_1_43' title='bbox 403 911 451 950; x_wconf 80' lang='lat' dir='ltr'>et</span> <span class='ocrx_word' id='word_1_44' title='bbox 472 912 661 956; x_wconf 76' lang='lat' dir='ltr'>acutus.</span> <span class='ocrx_word' id='word_1_45' title='bbox 1074 902 1193 949; x_wconf 74' lang='lat' dir='ltr'>etait</span> <span class='ocrx_word' id='word_1_46' title='bbox 1225 913 1271 950; x_wconf 89' lang='lat' dir='ltr'>et</span> <span class='ocrx_word' id='word_1_47' title='bbox 1297 902 1386 963; x_wconf 83' lang='lat' dir='ltr'>fin,</span> 
     </span>
     <span class='ocr_line' id='line_1_10' title="bbox 274 967 1678 1033; baseline -0.001 -15"><span class='ocrx_word' id='word_1_48' title='bbox 274 979 328 1019; x_wconf 83' lang='lat' dir='ltr'>et</span> <span class='ocrx_word' id='word_1_49' title='bbox 361 971 677 1033; x_wconf 73' lang='lat' dir='ltr'>jurisperitus</span> <span class='ocrx_word' id='word_1_50' title='bbox 1078 976 1124 1015; x_wconf 88' lang='lat' dir='ltr'>et</span> <span class='ocrx_word' id='word_1_51' title='bbox 1146 967 1458 1016; x_wconf 78' lang='lat' dir='ltr'>habile-dans</span> <span class='ocrx_word' id='word_1_52' title='bbox 1482 970 1529 1017; x_wconf 88' lang='lat' dir='ltr'>le</span> <span class='ocrx_word' id='word_1_53' title='bbox 1548 970 1678 1017; x_wconf 84' lang='lat' dir='ltr'>droit</span> 
     </span>
     <span class='ocr_line' id='line_1_11' title="bbox 274 1031 1744 1099; baseline -0.001 -15"><span class='ocrx_word' id='word_1_54' title='bbox 274 1039 330 1085; x_wconf 90' lang='lat' dir='ltr'>in</span> <span class='ocrx_word' id='word_1_55' title='bbox 352 1036 514 1084; x_wconf 79' lang='lat' dir='ltr'>causis</span> <span class='ocrx_word' id='word_1_56' title='bbox 548 1036 780 1099; x_wconf 80' lang='lat' dir='ltr'>privatis3</span> <span class='ocrx_word' id='word_1_57' title='bbox 1080 1031 1202 1082; x_wconf 78' lang='lat' dir='ltr'>dans</span> <span class='ocrx_word' id='word_1_58' title='bbox 1222 1036 1292 1082; x_wconf 86' lang='lat' dir='ltr'>les</span> <span class='ocrx_word' id='word_1_59' title='bbox 1327 1035 1518 1082; x_wconf 75' lang='lat' dir='ltr'>affaires</span> <span class='ocrx_word' id='word_1_60' title='bbox 1540 1036 1744 1099; x_wconf 76' lang='lat' dir='ltr'>privees3</span> 
     </span>
     <span class='ocr_line' id='line_1_12' title="bbox 277 1101 1854 1164; baseline -0.001 -14"><span class='ocrx_word' id='word_1_61' title='bbox 277 1117 393 1151; x_wconf 79' lang='lat' dir='ltr'>nam</span> <span class='ocrx_word' id='word_1_62' title='bbox 429 1102 632 1164; x_wconf 77' lang='lat' dir='ltr'>Aphilia</span> <span class='ocrx_word' id='word_1_63' title='bbox 651 1102 807 1163; x_wconf 80' lang='lat' dir='ltr'><strong>aptior</strong></span> <span class='ocrx_word' id='word_1_64' title='bbox 1078 1115 1161 1148; x_wconf 78' lang='lat' dir='ltr'>ear</span> <span class='ocrx_word' id='word_1_65' title='bbox 1182 1101 1383 1164; x_wconf 75' lang='lat' dir='ltr'>Aphilia</span> <span class='ocrx_word' id='word_1_66' title='bbox 1402 1104 1510 1150; x_wconf 76' lang='lat' dir='ltr'>e&#39;eaie</span> <span class='ocrx_word' id='word_1_67' title='bbox 1547 1103 1658 1164; x_wconf 82' lang='lat' dir='ltr'>plus</span> <span class='ocrx_word' id='word_1_68' title='bbox 1679 1117 1854 1164; x_wconf 86' lang='lat' dir='ltr'>propre</span> 
     </span>
     <span class='ocr_line' id='line_1_13' title="bbox 277 1165 2001 1231; baseline 0 -15"><span class='ocrx_word' id='word_1_69' title='bbox 277 1169 599 1216; x_wconf 68' lang='lat' dir='ltr'><strong>concionibus</strong></span> <span class='ocrx_word' id='word_1_70' title='bbox 620 1182 766 1231; x_wconf 80' lang='lat' dir='ltr'><strong>quam</strong></span> <span class='ocrx_word' id='word_1_71' title='bbox 799 1165 1020 1229; x_wconf 79' lang='lat' dir='ltr'>judi&#39;eiis.</span> <span class='ocrx_word' id='word_1_72' title='bbox 1079 1181 1178 1213; x_wconf 83' lang='lat' dir='ltr'>aux</span> <span class='ocrx_word' id='word_1_73' title='bbox 1196 1167 1473 1231; x_wconf 72' lang='lat' dir='ltr'>hat-angues</span> <span class='ocrx_word' id='word_1_74' title='bbox 1493 1170 1675 1231; x_wconf 83' lang='lat' dir='ltr'><strong>qu’aux</strong></span> <span class='ocrx_word' id='word_1_75' title='bbox 1704 1167 2001 1231; x_wconf 79' lang='lat' dir='ltr'>plaidoiries.</span> 
     </span>
     <span class='ocr_line' id='line_1_14' title="bbox 277 1232 1600 1284; baseline -0.002 0"><span class='ocrx_word' id='word_1_76' title='bbox 277 1235 340 1284; x_wconf 88' lang='lat' dir='ltr'>T.</span> <span class='ocrx_word' id='word_1_77' title='bbox 364 1235 559 1283; x_wconf 85' lang='lat' dir='ltr'>Annius</span> <span class='ocrx_word' id='word_1_78' title='bbox 582 1234 762 1284; x_wconf 79' lang='lat' dir='ltr'>Velina</span> <span class='ocrx_word' id='word_1_79' title='bbox 1077 1232 1137 1281; x_wconf 90' lang='grc' dir='ltr'>Τ.</span> <span class='ocrx_word' id='word_1_80' title='bbox 1166 1235 1360 1281; x_wconf 79' lang='lat' dir='ltr'>Annius</span> <span class='ocrx_word' id='word_1_81' title='bbox 1381 1235 1439 1282; x_wconf 86' lang='lat' dir='ltr'>de</span> <span class='ocrx_word' id='word_1_82' title='bbox 1457 1235 1600 1283; x_wconf 77' lang='lat' dir='ltr'>Velis.</span> 
     </span>
     <span class='ocr_line' id='line_1_15' title="bbox 282 1300 1561 1365; baseline 0 -16"><span class='ocrx_word' id='word_1_83' title='bbox 282 1302 498 1365; x_wconf 85' lang='lat' dir='ltr'>prudens</span> <span class='ocrx_word' id='word_1_84' title='bbox 519 1300 685 1358; x_wconf 81' lang='lat' dir='ltr'>etiam,</span> <span class='ocrx_word' id='word_1_85' title='bbox 1077 1302 1191 1347; x_wconf 58' lang='lat' dir='ltr'><strong><em>&amp;tait</em></strong></span> <span class='ocrx_word' id='word_1_86' title='bbox 1209 1301 1388 1349; x_wconf 75' lang='lat' dir='ltr'>eclaire</span> <span class='ocrx_word' id='word_1_87' title='bbox 1410 1303 1561 1357; x_wconf 76' lang='lat' dir='ltr'>aussi,</span> 
     </span>
     <span class='ocr_line' id='line_1_16' title="bbox 280 1366 1873 1417; baseline -0.002 -1"><span class='ocrx_word' id='word_1_88' title='bbox 280 1374 329 1416; x_wconf 83' lang='lat' dir='ltr'>et</span> <span class='ocrx_word' id='word_1_89' title='bbox 352 1375 515 1416; x_wconf 78' lang='lat' dir='ltr'>orator</span> <span class='ocrx_word' id='word_1_90' title='bbox 534 1382 650 1415; x_wconf 79' lang='lat' dir='ltr'>sane</span> <span class='ocrx_word' id='word_1_91' title='bbox 668 1367 939 1417; x_wconf 78' lang='lat' dir='ltr'>tolerabilis</span> <span class='ocrx_word' id='word_1_92' title='bbox 1078 1375 1127 1412; x_wconf 79' lang='lat' dir='ltr'>et</span> <span class='ocrx_word' id='word_1_93' title='bbox 1154 1381 1222 1412; x_wconf 83' lang='lat' dir='ltr'>un</span> <span class='ocrx_word' id='word_1_94' title='bbox 1252 1375 1446 1414; x_wconf 82' lang='lat' dir='ltr'>orateur</span> <span class='ocrx_word' id='word_1_95' title='bbox 1469 1376 1620 1415; x_wconf 81' lang='lat' dir='ltr'><strong>certes</strong></span> <span class='ocrx_word' id='word_1_96' title='bbox 1641 1366 1873 1416; x_wconf 71' lang='lat' dir='ltr'>tolerable</span> 
     </span>
     <span class='ocr_line' id='line_1_17' title="bbox 280 1430 1858 1498; baseline 0.002 -17"><span class='ocrx_word' id='word_1_97' title='bbox 280 1434 335 1482; x_wconf 71' lang='lat' dir='ltr'>ln</span> <span class='ocrx_word' id='word_1_98' title='bbox 359 1434 519 1481; x_wconf 77' lang='lat' dir='ltr'>causis</span> <span class='ocrx_word' id='word_1_99' title='bbox 541 1435 646 1496; x_wconf 82' lang='lat' dir='ltr'>ejus</span> <span class='ocrx_word' id='word_1_100' title='bbox 661 1434 871 1498; x_wconf 83' lang='lat' dir='ltr'>generis.</span> <span class='ocrx_word' id='word_1_101' title='bbox 1080 1430 1201 1479; x_wconf 81' lang='lat' dir='ltr'>dans</span> <span class='ocrx_word' id='word_1_102' title='bbox 1221 1432 1294 1479; x_wconf 83' lang='lat' dir='ltr'>les</span> <span class='ocrx_word' id='word_1_103' title='bbox 1316 1432 1509 1481; x_wconf 78' lang='lat' dir='ltr'>affaires</span> <span class='ocrx_word' id='word_1_104' title='bbox 1539 1433 1598 1482; x_wconf 88' lang='lat' dir='ltr'>de</span> <span class='ocrx_word' id='word_1_105' title='bbox 1621 1447 1674 1481; x_wconf 86' lang='lat' dir='ltr'>oe</span> <span class='ocrx_word' id='word_1_106' title='bbox 1692 1448 1858 1496; x_wconf 84' lang='lat' dir='ltr'>genre.</span> 
     </span>
     <span class='ocr_line' id='line_1_18' title="bbox 281 1497 1443 1550; baseline -0.003 -1"><span class='ocrx_word' id='word_1_107' title='bbox 281 1500 344 1549; x_wconf 89' lang='grc' dir='ltr'>Τ.</span> <span class='ocrx_word' id='word_1_108' title='bbox 367 1500 628 1550; x_wconf 75' lang='lat' dir='ltr'>Juventius</span> <span class='ocrx_word' id='word_1_109' title='bbox 1078 1497 1145 1549; x_wconf 87' lang='lat' dir='ltr'>T.</span> <span class='ocrx_word' id='word_1_110' title='bbox 1182 1498 1443 1548; x_wconf 69' lang='lat' dir='ltr'>amentius</span> 
     </span>
     <span class='ocr_line' id='line_1_19' title="bbox 282 1564 1554 1626; baseline -0.002 -12"><span class='ocrx_word' id='word_1_111' title='bbox 282 1573 388 1615; x_wconf 78' lang='lat' dir='ltr'>erat</span> <span class='ocrx_word' id='word_1_112' title='bbox 414 1567 627 1613; x_wconf 83' lang='lat' dir='ltr'>multum</span> <span class='ocrx_word' id='word_1_113' title='bbox 1078 1564 1200 1612; x_wconf 77' lang='lat' dir='ltr'>etait</span> <span class='ocrx_word' id='word_1_114' title='bbox 1228 1565 1554 1626; x_wconf 76' lang='lat' dir='ltr'>fort-employe‘</span> 
     </span>
     <span class='ocr_line' id='line_1_20' title="bbox 283 1631 1922 1695; baseline 0 -15"><span class='ocrx_word' id='word_1_115' title='bbox 283 1634 336 1680; x_wconf 88' lang='lat' dir='ltr'>in</span> <span class='ocrx_word' id='word_1_116' title='bbox 357 1633 522 1680; x_wconf 87' lang='lat' dir='ltr'>eodem</span> <span class='ocrx_word' id='word_1_117' title='bbox 547 1647 722 1695; x_wconf 83' lang='lat' dir='ltr'>genere</span> <span class='ocrx_word' id='word_1_118' title='bbox 744 1645 1024 1691; x_wconf 77' lang='lat' dir='ltr'>causarum,</span> <span class='ocrx_word' id='word_1_119' title='bbox 1083 1631 1207 1678; x_wconf 78' lang='lat' dir='ltr'>dans</span> <span class='ocrx_word' id='word_1_120' title='bbox 1233 1631 1280 1677; x_wconf 87' lang='lat' dir='ltr'>le</span> <span class='ocrx_word' id='word_1_121' title='bbox 1301 1635 1455 1678; x_wconf 69' lang='lat' dir='ltr'>meme</span> <span class='ocrx_word' id='word_1_122' title='bbox 1477 1646 1627 1692; x_wconf 82' lang='lat' dir='ltr'>genre</span> <span class='ocrx_word' id='word_1_123' title='bbox 1652 1631 1710 1679; x_wconf 84' lang='lat' dir='ltr'>de</span> <span class='ocrx_word' id='word_1_124' title='bbox 1734 1647 1922 1694; x_wconf 80' lang='lat' dir='ltr'>causes,</span> 
     </span>
     <span class='ocr_line' id='line_1_21' title="bbox 282 1697 1609 1761; baseline -0.001 -15"><span class='ocrx_word' id='word_1_125' title='bbox 282 1699 368 1747; x_wconf 82' lang='lat' dir='ltr'>ille</span> <span class='ocrx_word' id='word_1_126' title='bbox 398 1698 595 1761; x_wconf 85' lang='lat' dir='ltr'>quidem</span> <span class='ocrx_word' id='word_1_127' title='bbox 612 1700 760 1747; x_wconf 87' lang='lat' dir='ltr'>nimis</span> <span class='ocrx_word' id='word_1_128' title='bbox 783 1698 946 1746; x_wconf 85' lang='lat' dir='ltr'>lentus</span> <span class='ocrx_word' id='word_1_129' title='bbox 1081 1697 1152 1743; x_wconf 87' lang='lat' dir='ltr'>lui</span> <span class='ocrx_word' id='word_1_130' title='bbox 1186 1705 1337 1745; x_wconf 87' lang='lat' dir='ltr'>eertes</span> <span class='ocrx_word' id='word_1_131' title='bbox 1368 1707 1478 1761; x_wconf 87' lang='lat' dir='ltr'>trop</span> <span class='ocrx_word' id='word_1_132' title='bbox 1506 1698 1609 1746; x_wconf 82' lang='lat' dir='ltr'>lent</span> 
     </span>
     <span class='ocr_line' id='line_1_22' title="bbox 279 1764 1377 1825; baseline -0.001 -13"><span class='ocrx_word' id='word_1_133' title='bbox 279 1765 334 1812; x_wconf 87' lang='lat' dir='ltr'>in</span> <span class='ocrx_word' id='word_1_134' title='bbox 360 1764 578 1824; x_wconf 84' lang='lat' dir='ltr'>dicendo,</span> <span class='ocrx_word' id='word_1_135' title='bbox 1082 1777 1141 1810; x_wconf 84' lang='lat' dir='ltr'>en</span> <span class='ocrx_word' id='word_1_136' title='bbox 1164 1764 1377 1825; x_wconf 67' lang='lat' dir='ltr'>perlem,</span> 
     </span>
     <span class='ocr_line' id='line_1_23' title="bbox 285 1829 1641 1894; baseline -0.001 -15"><span class='ocrx_word' id='word_1_137' title='bbox 285 1838 335 1879; x_wconf 83' lang='lat' dir='ltr'>et</span> <span class='ocrx_word' id='word_1_138' title='bbox 354 1846 492 1892; x_wconf 75' lang='lat' dir='ltr'>paene</span> <span class='ocrx_word' id='word_1_139' title='bbox 515 1829 756 1892; x_wconf 81' lang='lat' dir='ltr'><strong>frigidus;</strong></span> <span class='ocrx_word' id='word_1_140' title='bbox 1082 1836 1131 1877; x_wconf 83' lang='lat' dir='ltr'>et</span> <span class='ocrx_word' id='word_1_141' title='bbox 1153 1845 1358 1891; x_wconf 86' lang='lat' dir='ltr'>presque</span> <span class='ocrx_word' id='word_1_142' title='bbox 1392 1831 1641 1894; x_wconf 76' lang='lat' dir='ltr'>de-glaee3</span> 
     </span>
     <span class='ocr_line' id='line_1_24' title="bbox 284 1896 1421 1957; baseline -0.001 -12"><span class='ocrx_word' id='word_1_143' title='bbox 284 1897 372 1946; x_wconf 80' lang='lat' dir='ltr'>sed</span> <span class='ocrx_word' id='word_1_144' title='bbox 387 1904 436 1944; x_wconf 79' lang='lat' dir='ltr'>et</span> <span class='ocrx_word' id='word_1_145' title='bbox 465 1896 690 1955; x_wconf 79' lang='lat' dir='ltr'>callidus,</span> <span class='ocrx_word' id='word_1_146' title='bbox 1082 1896 1207 1943; x_wconf 76' lang='lat' dir='ltr'>mnis</span> <span class='ocrx_word' id='word_1_147' title='bbox 1227 1906 1273 1944; x_wconf 87' lang='lat' dir='ltr'>et</span> <span class='ocrx_word' id='word_1_148' title='bbox 1292 1899 1421 1957; x_wconf 75' lang='lat' dir='ltr'>ruse,</span> 
     </span>
     <span class='ocr_line' id='line_1_25' title="bbox 285 1960 1324 2012; baseline -0.002 -1"><span class='ocrx_word' id='word_1_149' title='bbox 285 1971 334 2012; x_wconf 80' lang='lat' dir='ltr'>et</span> <span class='ocrx_word' id='word_1_150' title='bbox 360 1972 587 2011; x_wconf 77' lang='lat' dir='ltr'>versutus</span> <span class='ocrx_word' id='word_1_151' title='bbox 1083 1969 1131 2009; x_wconf 83' lang='lat' dir='ltr'>et</span> <span class='ocrx_word' id='word_1_152' title='bbox 1163 1960 1324 2011; x_wconf 81' lang='lat' dir='ltr'><strong>adroit</strong></span> 
     </span>
     <span class='ocr_line' id='line_1_26' title="bbox 285 2026 1837 2090; baseline -0.001 -12"><span class='ocrx_word' id='word_1_153' title='bbox 285 2031 340 2078; x_wconf 83' lang='lat' dir='ltr'>in</span> <span class='ocrx_word' id='word_1_154' title='bbox 356 2027 589 2090; x_wconf 81' lang='lat' dir='ltr'>capiendo</span> <span class='ocrx_word' id='word_1_155' title='bbox 607 2026 900 2084; x_wconf 78' lang='lat' dir='ltr'>adversario,</span> <span class='ocrx_word' id='word_1_156' title='bbox 1083 2027 1113 2074; x_wconf 72' lang='grc' dir='ltr'>ὲ.</span> <span class='ocrx_word' id='word_1_157' title='bbox 1134 2028 1425 2090; x_wconf 87' lang='lat' dir='ltr'>surprendre</span> <span class='ocrx_word' id='word_1_158' title='bbox 1449 2045 1515 2076; x_wconf 90' lang='lat' dir='ltr'>un</span> <span class='ocrx_word' id='word_1_159' title='bbox 1545 2029 1837 2089; x_wconf 76' lang='lat' dir='ltr'>adversaire,</span> 
     </span>
    </p>
   </div>
   <div class='ocr_carea' id='block_1_4' title="bbox 286 2094 1965 2227">
    <p class='ocr_par' dir='ltr' id='par_1_4' title="bbox 286 2094 1965 2227">
     <span class='ocr_line' id='line_1_27' title="bbox 286 2094 1787 2158; baseline 0 -14"><span class='ocrx_word' id='word_1_160' title='bbox 286 2102 336 2144; x_wconf 78' lang='lat' dir='ltr'>et</span> <span class='ocrx_word' id='word_1_161' title='bbox 358 2102 591 2158; x_wconf 77' lang='lat' dir='ltr'>praeterea</span> <span class='ocrx_word' id='word_1_162' title='bbox 607 2109 695 2142; x_wconf 85' lang='lat' dir='ltr'>nee</span> <span class='ocrx_word' id='word_1_163' title='bbox 714 2094 955 2150; x_wconf 71' lang='lat' dir='ltr'>indoctu8‚</span> <span class='ocrx_word' id='word_1_164' title='bbox 1082 2101 1129 2141; x_wconf 84' lang='lat' dir='ltr'>et</span> <span class='ocrx_word' id='word_1_165' title='bbox 1151 2109 1211 2141; x_wconf 88' lang='lat' dir='ltr'>en</span> <span class='ocrx_word' id='word_1_166' title='bbox 1246 2102 1386 2143; x_wconf 86' lang='lat' dir='ltr'>outre</span> <span class='ocrx_word' id='word_1_167' title='bbox 1408 2111 1509 2144; x_wconf 88' lang='lat' dir='ltr'>non</span> <span class='ocrx_word' id='word_1_168' title='bbox 1536 2097 1787 2158; x_wconf 79' lang='lat' dir='ltr'>ignorant,</span> 
     </span>
     <span class='ocr_line' id='line_1_28' title="bbox 286 2160 1965 2227; baseline 0.002 -20"><span class='ocrx_word' id='word_1_169' title='bbox 286 2169 337 2208; x_wconf 82' lang='lat' dir='ltr'>et</span> <span class='ocrx_word' id='word_1_170' title='bbox 360 2175 472 2207; x_wconf 87' lang='lat' dir='ltr'>cum</span> <span class='ocrx_word' id='word_1_171' title='bbox 500 2175 682 2223; x_wconf 74' lang='lat' dir='ltr'>magna</span> <span class='ocrx_word' id='word_1_172' title='bbox 701 2160 1028 2223; x_wconf 79' lang='lat' dir='ltr'>intelligentia</span> <span class='ocrx_word' id='word_1_173' title='bbox 1081 2166 1129 2206; x_wconf 86' lang='lat' dir='ltr'>et</span> <span class='ocrx_word' id='word_1_174' title='bbox 1154 2174 1270 2209; x_wconf 76' lang='lat' dir='ltr'>aveo</span> <span class='ocrx_word' id='word_1_175' title='bbox 1291 2176 1389 2209; x_wconf 86' lang='lat' dir='ltr'>une</span> <span class='ocrx_word' id='word_1_176' title='bbox 1408 2163 1593 2227; x_wconf 76' lang='lat' dir='ltr'>grande</span> <span class='ocrx_word' id='word_1_177' title='bbox 1614 2164 1965 2212; x_wconf 76' lang='lat' dir='ltr'>connaissanoe</span> 
     </span>
    </p>
   </div>
   <div class='ocr_carea' id='block_1_5' title="bbox 283 2225 1853 2953">
    <p class='ocr_par' dir='ltr' id='par_1_5' title="bbox 283 2225 1473 2289">
     <span class='ocr_line' id='line_1_29' title="bbox 283 2225 1473 2289; baseline 0.004 -17"><span class='ocrx_word' id='word_1_178' title='bbox 283 2227 413 2289; x_wconf 85' lang='lat' dir='ltr'><strong>juris</strong></span> <span class='ocrx_word' id='word_1_179' title='bbox 450 2227 623 2274; x_wconf 83' lang='lat' dir='ltr'>civilis.</span> <span class='ocrx_word' id='word_1_180' title='bbox 1077 2225 1144 2273; x_wconf 85' lang='lat' dir='ltr'>dn</span> <span class='ocrx_word' id='word_1_181' title='bbox 1180 2227 1309 2275; x_wconf 77' lang='lat' dir='ltr'>droit</span> <span class='ocrx_word' id='word_1_182' title='bbox 1340 2228 1473 2277; x_wconf 80' lang='lat' dir='ltr'>civil.</span> 
     </span>
    </p>

    <p class='ocr_par' dir='ltr' id='par_1_6' title="bbox 285 2291 1376 2352">
     <span class='ocr_line' id='line_1_30' title="bbox 285 2291 1376 2352; baseline 0.001 -12"><span class='ocrx_word' id='word_1_183' title='bbox 285 2293 344 2340; x_wconf 82' lang='lat' dir='ltr'>P.</span> <span class='ocrx_word' id='word_1_184' title='bbox 371 2291 566 2352; x_wconf 79' lang='lat' dir='ltr'>Orbius,</span> <span class='ocrx_word' id='word_1_185' title='bbox 1084 2291 1140 2340; x_wconf 90' lang='lat' dir='ltr'>P.</span> <span class='ocrx_word' id='word_1_186' title='bbox 1178 2291 1376 2352; x_wconf 80' lang='lat' dir='ltr'>Orbius,</span> 
     </span>
    </p>

    <p class='ocr_par' dir='ltr' id='par_1_7' title="bbox 285 2358 1853 2621">
     <span class='ocr_line' id='line_1_31' title="bbox 285 2358 1631 2423; baseline 0.002 -18"><span class='ocrx_word' id='word_1_187' title='bbox 285 2358 481 2407; x_wconf 70' lang='lat' dir='ltr'>auditor</span> <span class='ocrx_word' id='word_1_188' title='bbox 503 2360 661 2422; x_wconf 86' lang='lat' dir='ltr'>eujus,</span> <span class='ocrx_word' id='word_1_189' title='bbox 1084 2358 1283 2423; x_wconf 80' lang='lat' dir='ltr'>disciple</span> <span class='ocrx_word' id='word_1_190' title='bbox 1317 2360 1376 2408; x_wconf 82' lang='lat' dir='ltr'>de</span> <span class='ocrx_word' id='word_1_191' title='bbox 1408 2361 1631 2420; x_wconf 78' lang='lat' dir='ltr'>celui-oi,</span> 
     </span>
     <span class='ocr_line' id='line_1_32' title="bbox 285 2424 1853 2491; baseline 0.003 -19"><span class='ocrx_word' id='word_1_192' title='bbox 285 2425 386 2472; x_wconf 84' lang='lat' dir='ltr'>fere</span> <span class='ocrx_word' id='word_1_193' title='bbox 421 2441 556 2473; x_wconf 89' lang='lat' dir='ltr'>meus</span> <span class='ocrx_word' id='word_1_194' title='bbox 584 2424 805 2488; x_wconf 74' lang='lat' dir='ltr'>aequelis,</span> <span class='ocrx_word' id='word_1_195' title='bbox 1082 2440 1284 2488; x_wconf 80' lang='lat' dir='ltr'><strong>presque</strong></span> <span class='ocrx_word' id='word_1_196' title='bbox 1318 2441 1434 2474; x_wconf 88' lang='lat' dir='ltr'>mon</span> <span class='ocrx_word' id='word_1_197' title='bbox 1470 2427 1853 2491; x_wconf 72' lang='lat' dir='ltr'>contemporain‚</span> 
     </span>
     <span class='ocr_line' id='line_1_33' title="bbox 288 2491 1661 2555; baseline 0.003 -17"><span class='ocrx_word' id='word_1_198' title='bbox 288 2506 387 2538; x_wconf 87' lang='lat' dir='ltr'>non</span> <span class='ocrx_word' id='word_1_199' title='bbox 410 2491 505 2539; x_wconf 77' lang='lat' dir='ltr'><strong>fuit</strong></span> <span class='ocrx_word' id='word_1_200' title='bbox 521 2492 668 2540; x_wconf 88' lang='lat' dir='ltr'>nimis</span> <span class='ocrx_word' id='word_1_201' title='bbox 690 2491 981 2541; x_wconf 70' lang='lat' dir='ltr'>exercitatus</span> <span class='ocrx_word' id='word_1_202' title='bbox 1083 2506 1145 2539; x_wconf 86' lang='lat' dir='ltr'>ne</span> <span class='ocrx_word' id='word_1_203' title='bbox 1167 2492 1245 2539; x_wconf 77' lang='lat' dir='ltr'>fut</span> <span class='ocrx_word' id='word_1_204' title='bbox 1266 2508 1352 2555; x_wconf 83' lang='lat' dir='ltr'>pas</span> <span class='ocrx_word' id='word_1_205' title='bbox 1374 2494 1661 2542; x_wconf 74' lang='lat' dir='ltr'>tres-exerce</span> 
     </span>
     <span class='ocr_line' id='line_1_34' title="bbox 287 2556 1323 2621; baseline 0.001 -16"><span class='ocrx_word' id='word_1_206' title='bbox 287 2557 340 2605; x_wconf 84' lang='lat' dir='ltr'>in</span> <span class='ocrx_word' id='word_1_207' title='bbox 365 2556 585 2619; x_wconf 77' lang='lat' dir='ltr'>dicendo,</span> <span class='ocrx_word' id='word_1_208' title='bbox 1084 2561 1114 2604; x_wconf 72' lang='grc' dir='ltr'>ὲ.</span> <span class='ocrx_word' id='word_1_209' title='bbox 1147 2560 1323 2621; x_wconf 77' lang='lat' dir='ltr'>parler,</span> 
     </span>
    </p>

    <p class='ocr_par' dir='ltr' id='par_1_8' title="bbox 287 2624 1631 2755">
     <span class='ocr_line' id='line_1_35' title="bbox 287 2624 1631 2683; baseline 0.001 -12"><span class='ocrx_word' id='word_1_210' title='bbox 287 2638 387 2671; x_wconf 87' lang='lat' dir='ltr'>non</span> <span class='ocrx_word' id='word_1_211' title='bbox 414 2624 614 2673; x_wconf 81' lang='lat' dir='ltr'>inferior</span> <span class='ocrx_word' id='word_1_212' title='bbox 645 2630 825 2683; x_wconf 76' lang='lat' dir='ltr'>antem,</span> <span class='ocrx_word' id='word_1_213' title='bbox 1083 2626 1207 2673; x_wconf 76' lang='lat' dir='ltr'>mais</span> <span class='ocrx_word' id='word_1_214' title='bbox 1242 2640 1340 2673; x_wconf 87' lang='lat' dir='ltr'>non</span> <span class='ocrx_word' id='word_1_215' title='bbox 1378 2624 1631 2683; x_wconf 73' lang='lat' dir='ltr'>infer-leur,</span> 
     </span>
     <span class='ocr_line' id='line_1_36' title="bbox 288 2692 1450 2755; baseline 0.001 -18"><span class='ocrx_word' id='word_1_216' title='bbox 288 2704 435 2752; x_wconf 77' lang='lat' dir='ltr'><strong>quam</strong></span> <span class='ocrx_word' id='word_1_217' title='bbox 454 2692 685 2755; x_wconf 78' lang='lat' dir='ltr'>magister</span> <span class='ocrx_word' id='word_1_218' title='bbox 1083 2693 1114 2739; x_wconf 64' lang='grc' dir='ltr'><strong>ὲ</strong></span> <span class='ocrx_word' id='word_1_219' title='bbox 1142 2707 1225 2739; x_wconf 78' lang='lat' dir='ltr'>son</span> <span class='ocrx_word' id='word_1_220' title='bbox 1259 2695 1450 2749; x_wconf 72' lang='lat' dir='ltr'>main-e,</span> 
     </span>
    </p>

    <p class='ocr_par' dir='ltr' id='par_1_9' title="bbox 284 2756 1575 2882">
     <span class='ocr_line' id='line_1_37' title="bbox 285 2756 1575 2819; baseline 0.002 -17"><span class='ocrx_word' id='word_1_221' title='bbox 285 2756 340 2803; x_wconf 87' lang='lat' dir='ltr'>in</span> <span class='ocrx_word' id='word_1_222' title='bbox 355 2756 466 2819; x_wconf 67' lang='lat' dir='ltr'>Jure</span> <span class='ocrx_word' id='word_1_223' title='bbox 496 2757 648 2805; x_wconf 82' lang='lat' dir='ltr'>civili.</span> <span class='ocrx_word' id='word_1_224' title='bbox 1083 2757 1202 2805; x_wconf 80' lang='lat' dir='ltr'>dans</span> <span class='ocrx_word' id='word_1_225' title='bbox 1222 2758 1267 2805; x_wconf 90' lang='lat' dir='ltr'>le</span> <span class='ocrx_word' id='word_1_226' title='bbox 1289 2758 1418 2805; x_wconf 83' lang='lat' dir='ltr'><strong>droit</strong></span> <span class='ocrx_word' id='word_1_227' title='bbox 1438 2758 1575 2806; x_wconf 80' lang='lat' dir='ltr'>civil.</span> 
     </span>
     <span class='ocr_line' id='line_1_38' title="bbox 284 2821 1531 2882; baseline 0.001 -12"><span class='ocrx_word' id='word_1_228' title='bbox 284 2821 413 2870; x_wconf 80' lang='lat' dir='ltr'>Nam</span> <span class='ocrx_word' id='word_1_229' title='bbox 433 2822 494 2871; x_wconf 88' lang='lat' dir='ltr'>T.</span> <span class='ocrx_word' id='word_1_230' title='bbox 514 2822 758 2882; x_wconf 83' lang='lat' dir='ltr'>Aufidius,</span> <span class='ocrx_word' id='word_1_231' title='bbox 1083 2822 1180 2872; x_wconf 80' lang='lat' dir='ltr'>Car</span> <span class='ocrx_word' id='word_1_232' title='bbox 1208 2824 1267 2872; x_wconf 89' lang='lat' dir='ltr'>T.</span> <span class='ocrx_word' id='word_1_233' title='bbox 1289 2824 1531 2882; x_wconf 74' lang='lat' dir='ltr'>Aufidius,</span> 
     </span>
    </p>

    <p class='ocr_par' dir='ltr' id='par_1_10' title="bbox 286 2889 1333 2953">
     <span class='ocr_line' id='line_1_39' title="bbox 286 2889 1333 2953; baseline -0.001 -16"><span class='ocrx_word' id='word_1_234' title='bbox 286 2889 373 2950; x_wconf 85' lang='lat' dir='ltr'>qui</span> <span class='ocrx_word' id='word_1_235' title='bbox 404 2889 531 2938; x_wconf 83' lang='lat' dir='ltr'>vixit</span> <span class='ocrx_word' id='word_1_236' title='bbox 1082 2891 1168 2953; x_wconf 84' lang='lat' dir='ltr'>qni</span> <span class='ocrx_word' id='word_1_237' title='bbox 1191 2891 1333 2938; x_wconf 75' lang='lat' dir='ltr'>veeut</span> 
     </span>
    </p>
   </div>
   <div class='ocr_carea' id='block_1_6' title="bbox 285 2933 1965 3082">
    <p class='ocr_par' dir='ltr' id='par_1_11' title="bbox 285 2933 1965 3082">
     <span class='ocr_line' id='line_1_40' title="bbox 286 2933 1905 3020; baseline 0.001 -17"><span class='ocrx_word' id='word_1_238' title='bbox 286 2954 351 3003; x_wconf 77' lang='lat' dir='ltr'>ad</span> <span class='ocrx_word' id='word_1_239' title='bbox 377 2969 620 3003; x_wconf 80' lang='lat' dir='ltr'>summam</span> <span class='ocrx_word' id='word_1_240' title='bbox 650 2933 958 3017; x_wconf 75' lang='lat' dir='ltr'>senectutem,</span> <span class='ocrx_word' id='word_1_241' title='bbox 1075 2956 1276 3020; x_wconf 64' lang='lat' dir='ltr'>jusqu’h.</span> <span class='ocrx_word' id='word_1_242' title='bbox 1296 2971 1393 3004; x_wconf 87' lang='lat' dir='ltr'>une</span> <span class='ocrx_word' id='word_1_243' title='bbox 1418 2960 1631 3004; x_wconf 70' lang='lat' dir='ltr'>extreme</span> <span class='ocrx_word' id='word_1_244' title='bbox 1652 2954 1905 3018; x_wconf 82' lang='lat' dir='ltr'>vieillesse,</span> 
     </span>
     <span class='ocr_line' id='line_1_41' title="bbox 285 3021 1965 3082; baseline 0.001 -14"><span class='ocrx_word' id='word_1_245' title='bbox 285 3022 481 3070; x_wconf 75' lang='lat' dir='ltr'>volebat</span> <span class='ocrx_word' id='word_1_246' title='bbox 501 3037 604 3069; x_wconf 83' lang='lat' dir='ltr'>esse</span> <span class='ocrx_word' id='word_1_247' title='bbox 626 3022 800 3069; x_wconf 79' lang='lat' dir='ltr'>similis</span> <span class='ocrx_word' id='word_1_248' title='bbox 828 3022 1022 3082; x_wconf 85' lang='lat' dir='ltr'>horum,</span> <span class='ocrx_word' id='word_1_249' title='bbox 1083 3024 1270 3071; x_wconf 77' lang='lat' dir='ltr'>voulait</span> <span class='ocrx_word' id='word_1_250' title='bbox 1290 3026 1391 3070; x_wconf 67' lang='lat' dir='ltr'>etro</span> <span class='ocrx_word' id='word_1_251' title='bbox 1414 3022 1676 3071; x_wconf 80' lang='lat' dir='ltr'>semblable</span> <span class='ocrx_word' id='word_1_252' title='bbox 1698 3023 1729 3069; x_wconf 68' lang='lat' dir='ltr'>b.</span> <span class='ocrx_word' id='word_1_253' title='bbox 1748 3021 1965 3080; x_wconf 70' lang='lat' dir='ltr'>ceux-oi,</span> 
     </span>
    </p>
   </div>
   <div class='ocr_carea' id='block_1_7' title="bbox 283 3088 1953 3485">
    <p class='ocr_par' dir='ltr' id='par_1_12' title="bbox 285 3088 1804 3151">
     <span class='ocr_line' id='line_1_42' title="bbox 285 3088 1804 3151; baseline 0.001 -17"><span class='ocrx_word' id='word_1_254' title='bbox 285 3094 484 3151; x_wconf 75' lang='lat' dir='ltr'>eratque</span> <span class='ocrx_word' id='word_1_255' title='bbox 507 3091 581 3137; x_wconf 84' lang='lat' dir='ltr'>vir</span> <span class='ocrx_word' id='word_1_256' title='bbox 604 3097 652 3137; x_wconf 82' lang='lat' dir='ltr'>et</span> <span class='ocrx_word' id='word_1_257' title='bbox 675 3090 831 3137; x_wconf 84' lang='lat' dir='ltr'>bonus</span> <span class='ocrx_word' id='word_1_258' title='bbox 1083 3095 1130 3136; x_wconf 80' lang='lat' dir='ltr'>et</span> <span class='ocrx_word' id='word_1_259' title='bbox 1161 3091 1279 3138; x_wconf 74' lang='lat' dir='ltr'>etait</span> <span class='ocrx_word' id='word_1_260' title='bbox 1299 3088 1494 3137; x_wconf 83' lang='lat' dir='ltr'>homme</span> <span class='ocrx_word' id='word_1_261' title='bbox 1511 3098 1557 3137; x_wconf 84' lang='lat' dir='ltr'>et</span> <span class='ocrx_word' id='word_1_262' title='bbox 1578 3089 1804 3146; x_wconf 74' lang='lat' dir='ltr'>honnete‚</span> 
     </span>
    </p>

    <p class='ocr_par' dir='ltr' id='par_1_13' title="bbox 285 3155 1369 3219">
     <span class='ocr_line' id='line_1_43' title="bbox 285 3155 1369 3219; baseline 0.002 -18"><span class='ocrx_word' id='word_1_263' title='bbox 285 3161 334 3202; x_wconf 85' lang='lat' dir='ltr'>et</span> <span class='ocrx_word' id='word_1_264' title='bbox 359 3155 613 3215; x_wconf 81' lang='lat' dir='ltr'>innocens,</span> <span class='ocrx_word' id='word_1_265' title='bbox 1083 3162 1130 3203; x_wconf 82' lang='lat' dir='ltr'>et</span> <span class='ocrx_word' id='word_1_266' title='bbox 1162 3157 1369 3219; x_wconf 65' lang='lat' dir='ltr'>integre,</span> 
     </span>
    </p>

    <p class='ocr_par' dir='ltr' id='par_1_14' title="bbox 287 3220 1541 3285">
     <span class='ocr_line' id='line_1_44' title="bbox 287 3220 1541 3285; baseline 0.002 -18"><span class='ocrx_word' id='word_1_267' title='bbox 287 3220 373 3268; x_wconf 85' lang='lat' dir='ltr'>sed</span> <span class='ocrx_word' id='word_1_268' title='bbox 396 3220 586 3269; x_wconf 80' lang='lat' dir='ltr'>dicebat</span> <span class='ocrx_word' id='word_1_269' title='bbox 619 3236 812 3285; x_wconf 79' lang='lat' dir='ltr'><strong>parum.</strong></span> <span class='ocrx_word' id='word_1_270' title='bbox 1081 3220 1205 3270; x_wconf 75' lang='lat' dir='ltr'>mais</span> <span class='ocrx_word' id='word_1_271' title='bbox 1231 3223 1410 3285; x_wconf 70' lang='lat' dir='ltr'>pulait</span> <span class='ocrx_word' id='word_1_272' title='bbox 1432 3238 1541 3285; x_wconf 85' lang='lat' dir='ltr'>peu.</span> 
     </span>
    </p>

    <p class='ocr_par' dir='ltr' id='par_1_15' title="bbox 283 3286 1953 3485">
     <span class='ocr_line' id='line_1_45' title="bbox 283 3286 1953 3354; baseline -0.001 -19"><span class='ocrx_word' id='word_1_273' title='bbox 283 3286 352 3335; x_wconf 79' lang='lat' dir='ltr'>Et</span> <span class='ocrx_word' id='word_1_274' title='bbox 373 3287 524 3336; x_wconf 76' lang='lat' dir='ltr'>frater</span> <span class='ocrx_word' id='word_1_275' title='bbox 539 3288 665 3350; x_wconf 78' lang='lat' dir='ltr'>ejus,</span> <span class='ocrx_word' id='word_1_276' title='bbox 681 3288 750 3337; x_wconf 78' lang='lat' dir='ltr'>M.</span> <span class='ocrx_word' id='word_1_277' title='bbox 763 3288 1022 3354; x_wconf 80' lang='lat' dir='ltr'>Virgilius,</span> <span class='ocrx_word' id='word_1_278' title='bbox 1081 3289 1148 3337; x_wconf 79' lang='lat' dir='ltr'>Et</span> <span class='ocrx_word' id='word_1_279' title='bbox 1172 3289 1219 3336; x_wconf 84' lang='lat' dir='ltr'>le</span> <span class='ocrx_word' id='word_1_280' title='bbox 1247 3289 1374 3336; x_wconf 68' lang='lat' dir='ltr'>frere</span> <span class='ocrx_word' id='word_1_281' title='bbox 1392 3288 1450 3335; x_wconf 87' lang='lat' dir='ltr'>de</span> <span class='ocrx_word' id='word_1_282' title='bbox 1476 3287 1569 3346; x_wconf 87' lang='lat' dir='ltr'>lui,</span> <span class='ocrx_word' id='word_1_283' title='bbox 1594 3287 1665 3336; x_wconf 85' lang='lat' dir='ltr'>M.</span> <span class='ocrx_word' id='word_1_284' title='bbox 1692 3286 1953 3348; x_wconf 76' lang='lat' dir='ltr'>Virgilius,</span> 
     </span>
     <span class='ocr_line' id='line_1_46' title="bbox 286 3353 1919 3419; baseline 0.001 -19"><span class='ocrx_word' id='word_1_285' title='bbox 286 3367 387 3401; x_wconf 87' lang='lat' dir='ltr'>non</span> <span class='ocrx_word' id='word_1_286' title='bbox 407 3368 524 3403; x_wconf 76' lang='lat' dir='ltr'>sane</span> <span class='ocrx_word' id='word_1_287' title='bbox 551 3355 680 3417; x_wconf 81' lang='lat' dir='ltr'>plus,</span> <span class='ocrx_word' id='word_1_288' title='bbox 1081 3369 1143 3402; x_wconf 83' lang='lat' dir='ltr'>ne</span> <span class='ocrx_word' id='word_1_289' title='bbox 1160 3358 1332 3415; x_wconf 74' lang='lat' dir='ltr'>perluit</span> <span class='ocrx_word' id='word_1_290' title='bbox 1351 3362 1501 3403; x_wconf 81' lang='lat' dir='ltr'>certes</span> <span class='ocrx_word' id='word_1_291' title='bbox 1518 3369 1603 3419; x_wconf 72' lang='lat' dir='ltr'>pes</span> <span class='ocrx_word' id='word_1_292' title='bbox 1628 3353 1919 3417; x_wconf 71' lang='lat' dir='ltr'>davantage‚</span> 
     </span>
     <span class='ocr_line' id='line_1_47' title="bbox 284 3419 1742 3485; baseline 0.002 -20"><span class='ocrx_word' id='word_1_293' title='bbox 284 3419 370 3481; x_wconf 83' lang='lat' dir='ltr'>qui</span> <span class='ocrx_word' id='word_1_294' title='bbox 393 3421 620 3469; x_wconf 82' lang='lat' dir='ltr'>tribunus</span> <span class='ocrx_word' id='word_1_295' title='bbox 641 3420 793 3485; x_wconf 81' lang='lat' dir='ltr'>plebis</span> <span class='ocrx_word' id='word_1_296' title='bbox 1082 3421 1264 3484; x_wconf 80' lang='lat' dir='ltr'>lui-qui</span> <span class='ocrx_word' id='word_1_297' title='bbox 1289 3421 1455 3468; x_wconf 84' lang='lat' dir='ltr'>tribun</span> <span class='ocrx_word' id='word_1_298' title='bbox 1478 3421 1543 3469; x_wconf 80' lang='lat' dir='ltr'>du</span> <span class='ocrx_word' id='word_1_299' title='bbox 1571 3419 1742 3484; x_wconf 84' lang='lat' dir='ltr'>peuple</span> 
     </span>
    </p>
   </div>
   <div class='ocr_carea' id='block_1_8' title="bbox 285 3484 1456 3550">
    <p class='ocr_par' dir='ltr' id='par_1_16' title="bbox 285 3484 1456 3550">
     <span class='ocr_line' id='line_1_48' title="bbox 285 3484 1456 3550; baseline 0.003 -19"><span class='ocrx_word' id='word_1_300' title='bbox 285 3484 418 3533; x_wconf 81' lang='lat' dir='ltr'><strong>dixit</strong></span> <span class='ocrx_word' id='word_1_301' title='bbox 452 3486 577 3535; x_wconf 85' lang='lat' dir='ltr'>diem</span> <span class='ocrx_word' id='word_1_302' title='bbox 1085 3488 1182 3536; x_wconf 70' lang='lat' dir='ltr'>cite</span> <span class='ocrx_word' id='word_1_303' title='bbox 1201 3502 1260 3535; x_wconf 88' lang='lat' dir='ltr'>en</span> <span class='ocrx_word' id='word_1_304' title='bbox 1273 3487 1456 3550; x_wconf 76' lang='lat' dir='ltr'>justice</span> 
     </span>
    </p>
   </div>
  </div>
 </body>
</html>
