2592 4084
409 382 538 437 360
1198 390 1458 437 BRUTUS.

407 521 558 561 mum
582 521 682 561 nos
701 499 775 560 'ad
800 520 1017 577 causaS,
1047 511 1101 560 et
1122 505 1367 577 privatas
1394 509 1451 559 et
1476 504 1746 576 publicas,
1769 505 1920 561 adire
1947 507 2243 578 coepimuS‚

402 627 512 669 non
534 617 596 667 ut
620 611 680 667 in
699 612 822 667 foro
845 611 1203 682 disceremm,
1236 610 1386 683 quod
1405 610 1657 684 plerique
1689 612 1968 685 fecerunt,
2008 616 2109 670 sed
2141 621 2205 671 ιιι
2221 657 2239 683 ,

400 728 668 795 quantum
707 740 809 779 nos
849 722 1068 780 efficere
1105 723 1498 795 potuissemus,
1533 722 1682 779 docti
1715 724 1772 779 in
1807 724 1990 782 forum
2015 726 2239 782 venire-

400 846 545 885 muS.
585 830 791 887 Eodem
834 835 1084 902 tempore
1125 832 1331 887 Moloni
1375 832 1626 888 dedimus
1665 848 1928 904 operam3
1968 833 2239 891 dictatore

399 939 548 997 enim
590 938 745 995 Sulla
767 982 796 1024 ,ἡ
825 938 1042 1011 legatus
1081 940 1156 995 ad·
1195 946 1452 997 senatum
1498 941 1566 996 de
1609 940 1952 997 Rhodiorum
1987 944 2233 1012 praemiis

396 1055 644 1105 venerat.
695 1028 886 1121 Ita'due
938 1050 1116 1121 prima
1164 1066 1332 1105 causa
1380 1049 1632 1121 publica,
1688 1065 1789 1120 pro
1838 1052 1984 1105 Sext.
2031 1051 2235 1107 Roscio

397 1156 573 1230 dicta,
608 1151 824 1215 tantum
850 1158 1346 1215 commendationis
1385 1159 1606 1230 habuit,
1650 1164 1712 1214 ut
1745 1173 1857 1214 non
1893 1159 2015 1214 ulla
2052 1166 2233 1230 esset,

396 1284 520 1341 quse
553 1285 663 1325 non
689 1268 862 1341 digna
893 1273 1078 1325 nostro
1113 1268 1417 1341 patrocinio
1450 1268 1757 1325 videretur.
1795 1269 2071 1340 ’Deinceps
2100 1270 2229 1326 inde

395 1379 615 1447 multae,
646 1393 783 1450 quas
815 1393 924 1434 non
960 1379 1141 1433 minus
1176 1377 1472 1449 diligenter
1508 1378 1817 1436 elaboratas
1858 1385 1915 1436 et
1959 1385 2227 1451 tanquam

396 1487 747 1544 elucubratas
773 1488 1162 1545 afferebamus.

462 1600 597 1654 XCI.
645 1603 824 1671 Nunc„
864 1601 1124 1673 quoniam
1161 1606 1339 1657 totum
1379 1616 1490 1672 me,
1539 1616 1648 1658 non
1696 1616 1851 1657 naevo
1901 1599 2087 1672 aliquo
2130 1606 2228 1657 aut

393 1710 726 1781 crepundiiS,
777 1709 876 1766 sed
925 1695 1152 1783 corpore
1206 1710 1375 1782 omni,
1426 1710 1631 1767 videris
1673 1708 1819 1767 velle
1867 1724 2226 1783 cognoscere,

391 1820 727 1892 complectar
753 1819 1021 1877 nonnulla
1056 1819 1247 1891 etiam,
1289 1836 1412 1891 quse
1451 1820 1683 1875 fortasse
1723 1819 2017 1876 videantur
2044 1820 2227 1876 minus

392 1928 723 1986 necessaria.
742 1931 871 1984 Erat
899 1944 965 1985 eo
991 1934 1241 2001 tempore
1260 1930 1319 1984 in
1345 1927 1504 1985 nobis
1524 1944 1738 1983 summa
1759 1929 2042 1999 gracilitas
2067 1936 2122 1986 et
2149 1931 2232 1985 in·

391 2175 650 2225 descensos
675 2175 930 2240 publiques
947 2181 996 2225 et
1016 2176 1218 2239 privees.
1250 2175 1285 2225 J
1288 2176 1506 2225 ’arrivais
1537 2190 1600 2224 au
1621 2175 1847 2232 bari-osu,
1862 2190 1962 2225 non
1980 2192 2102 2240 pour
2127 2177 2228 2238 m'y

390 2279 572 2330 former
596 2295 782 2330 commo
804 2292 1006 2345 presque
1028 2287 1140 2330 tous
1156 2280 1282 2330 l’ont
1303 2281 1423 2339 fain
1466 2265 1686 2343 mais'j'fy
1721 2283 1966 2344 appot-tais
1986 2298 2053 2330 un
2077 2283 2231 2332 talent

387 2389 523 2438 aussi
553 2387 877 2451 perfectionne
900 2388 1026 2452 qu’il
1058 2385 1189 2436 avait
1218 2389 1292 2435 όιό
1328 2403 1389 2435 en
1418 2402 1532 2435 mon
1568 2387 1789 2449 pouvoir.
1831 2387 1965 2435 Dans
1999 2389 2044 2435 le
2073 2390 2229 2434 meme

389 2496 560 2553 temps,
582 2491 634 2553 je
670 2492 769 2554 pris
794 2489 876 2539 des
901 2491 1065 2554 lecons
1097 2489 1155 2536 de
1175 2490 1361 2548 Melon,
1386 2489 1487 2550 qui,
1511 2502 1624 2535 sous
1651 2488 1703 2535 la
1723 2486 1956 2536 dictatura
1983 2487 2040 2534 de
2062 2485 2219 2547 Sylla,

390 2597 497 2645 vint.
517 2601 547 2643 a
575 2596 726 2644 Rome
754 2611 878 2658 pour
916 2612 951 2658 y
975 2595 1141 2644 truiter
1173 2595 1255 2643 des
1297 2594 1630 2657 recompenses
1662 2591 1781 2640 dues
1821 2608 1915 2642 aux
1954 2591 2222 2641 Rhodiens.

387 2700 507 2751 Mon
532 2703 740 2764 premier
760 2701 1017 2765 plaidoyer
1040 2699 1161 2748 dans
1203 2715 1297 2748 une
1334 2699 1503 2747 affaire
1529 2700 1814 2757 criminello‚
1852 2700 1970 2748 celle
2008 2698 2068 2747 de
2088 2699 2228 2749 Sext.

387 2800 608 2856 Roscius,
636 2807 719 2848 eut
754 2807 859 2849 tant
878 2801 939 2848 de
968 2802 1153 2856 succes,
1175 2814 1270 2861 que
1307 2799 1570 2848 desotmais
1610 2815 1692 2850 ma
1708 2801 1825 2849 voix
1846 2807 1992 2864 parui.
2004 2800 2154 2866 digne
2172 2800 2237 2850 do

387 2906 606 2956 soutenir
620 2904 691 2952 les
704 2918 870 2952 causes
889 2905 959 2952 les
981 2905 1091 2968 plus
1112 2904 1445 2966 importantes.
1471 2906 1728 2968 Boaucoup
1747 2919 1825 2954 mo
1849 2904 2016 2954 furent
2038 2920 2224 2954 succes-

388 3012 623 3061 sivement
647 3009 872 3070 conficies,
900 3015 949 3057 et
966 3008 1019 3071 je
1050 3009 1300 3057 consacrsi
1328 3010 1552 3070 toujours
1565 3012 1594 3059 ὲ
1616 3010 1687 3059 les
1708 3012 1935 3075 preparet
1959 3012 2010 3059 la
2026 3011 2132 3073 plus
2152 3012 2233 3059 se·-

387 3115 545 3165 rieusc
563 3114 801 3161 attention
825 3120 871 3161 et
892 3114 963 3161 les
981 3111 1147 3159 veiues
1165 3112 1234 3159 les
1251 3112 1364 3174 plus
1388 3112 1623 3160 assiduos.

454 3218 583 3270 XCI.
606 3219 931 3275 Mammam,
965 3217 1176 3280 pnisque
1204 3232 1325 3264 vous
1356 3219 1596 3280 paraissez
1624 3216 1815 3265 vouloir
1851 3231 1933 3266 mc
1956 3220 2229 3274 connaltre,

389 3337 491 3372 non
516 3337 604 3386 par
631 3323 862 3385 quelques
894 3321 1061 3384 signes
1096 3321 1332 3378 naturels,
1359 3337 1424 3367 ou
1445 3321 1673 3382 quelques
1694 3332 1921 3382 marqnes
1948 3318 2233 3384 particuli&-

389 3434 487 3479 res,
512 3420 636 3467 mais
658 3434 746 3483 par
781 3424 891 3467 tout
911 3417 1188 3466 l’ensemble
1216 3417 1273 3464 de
1293 3432 1377 3465 ma
1404 3430 1653 3480 personne,
1688 3417 1968 3478 j'ajoutursi
1992 3417 2232 3478 plusieurs

390 3523 581 3584 details,
602 3526 687 3587 qui
716 3526 1009 3574 sembleront
1031 3529 1275 3589 peut-etro
1297 3537 1429 3571 assez
1452 3538 1544 3585 peu
1569 3523 1871 3571 necessaires.
1899 3520 2078 3571 J‘etais
2101 3505 2234 3568 alors
