2592 4084
490 383 608 437 266
1286 393 1552 440 BRUTUS.

490 508 761 580 majorem
788 508 1007 564 dicendi
1032 509 1271 579 gloriam
1295 509 1604 581 habuisset,
1619 508 1728 564 nisi
1755 525 1886 565 eum
1911 508 2144 581 majoris
2161 508 2357 580 gloriae

490 617 768 690 cupiditas
796 616 867 672 ad
889 615 1119 672 bellicas
1143 615 1340 671 laudes
1369 613 1744 670 abstraxisset.
1775 617 1907 669 Erat
1942 613 2197 669 oratione
2226 614 2358 669 satis

492 722 730 795 ampluS,
757 738 878 778 rem
899 721 1204 794 prudenter
1224 720 1484 790 videbat;
1517 720 1659 776 actio
1695 734 1830 776 vero
1863 717 1985 789 ejus
2016 718 2270 774 habebat
2305 724 2358 774 et

491 828 549 884 in
574 843 712 885 voce
736 843 1004 899 magnum
1032 827 1408 901 splendorem,
1440 833 1496 883 et
1522 826 1579 881 in
1611 833 1767 882 motu
1797 839 2074 880 summam
2105 824 2356 895 dignita-

489 935 624 985 tem.
660 931 859 985 Noster
894 929 1029 984 item
1065 928 1296 1003 aequalis
1336 930 1403 983 D.
1433 928 1672 998 Silanus,
1711 927 1947 983 vitricus
1980 932 2137 996 tuus,
2188 925 2356 981 studii

488 1034 585 1090 ille
615 1034 843 1107 quidem
878 1032 1074 1090 habuit
1112 1051 1222 1091 non
1261 1036 1523 1106 multum,
1555 1034 1654 1091 sed
1696 1033 1965 1091 acuminis
1995 1038 2053 1087 et
2086 1032 2355 1087 orationis

489 1140 643 1196 satis.
671 1141 736 1207 Q.
767 1140 1085 1210 Pompeius,
1111 1144 1174 1196 A.
1205 1142 1293 1211 F„
1316 1141 1410 1212 qui
1429 1139 1754 1209 Bithynicus
1777 1138 1956 1195 dictus
1979 1144 2085 1208 est,
2108 1138 2352 1209 biennio,

489 1262 658 1320 quam
686 1261 807 1317 ηοε,
839 1244 1074 1300 fortasse
1102 1244 1300 1316 major,
1326 1261 1544 1301 summo
1571 1244 1752 1300 studio
1783 1243 2023 1315 dicendi,
2066 1243 2354 1316 multaque

494 1350 764 1420 doctrina,
792 1346 1105 1404 incredibili
1129 1348 1318 1404 labore
1345 1354 1509 1421 atque
1539 1348 1847 1421 industria3
1875 1347 2023 1421 quod
2054 1349 2205 1404 scire
2229 1364 2356 1419 pos-

492 1471 616 1510 sum
642 1472 656 1510 :
681 1454 788 1509 fuit
815 1453 966 1509 enim
1005 1468 1228 1508 mecum
1250 1461 1310 1508 et
1342 1469 1467 1508 cum
1503 1455 1579 1508 Μ.
1620 1453 1841 1520 Pisone,
1872 1468 2049 1524 quum
2088 1454 2352 1524 amicitia,

489 1567 610 1616 tum
638 1559 837 1616 studiis
860 1560 1454 1633 exercitationibusque
1474 1558 1824 1631 conjunctus,
1857 1559 2038 1631 Hujus
2072 1561 2223 1617 actio
2251 1578 2358 1617 non

490 1665 626 1722 satis
652 1665 1073 1721 commendabat
1098 1666 1434 1737 orationem3
1466 1666 1524 1721 in
1555 1664 1661 1721 hac
1684 1664 1832 1721 enim
1852 1666 1985 1720 satis
2011 1672 2136 1721 erat
2158 1665 2354 1738 copiae,

492 1773 549 1829 in
574 1773 672 1830 illa
700 1780 886 1831 autem
915 1777 1122 1849 leporis
1147 1792 1368 1849 parum.
1395 1779 1527 1832 Erat
1544 1775 1666 1847 ejus
1684 1775 1914 1847 aequalis
1936 1778 2004 1831 P.
2021 1776 2354 1847 AutroniuS,

490 1870 627 1936 voce
648 1870 917 1952 peracuta
940 1886 1107 1953 atque
1134 1897 1357 1953 magna,
1401 1896 1504 1936 nec
1543 1880 1655 1936 alia
1692 1895 1754 1935 re
1792 1878 1909 1935 ulla
1934 1878 2273 1950 probabili33
2304 1886 2362 1936 et

488 1988 552 2041 L.
584 1987 842 2044 octavius
867 1989 1155 2059 Reatinus,
1186 1990 1283 2062 qui
1312 2004 1485 2061 quum
1517 1987 1721 2043 multas
1742 1988 1861 2059 jam
1891 2002 2089 2042 causae
2120 1987 2355 2057 diceret,

492 2197 602 2260 plus
631 2194 790 2259 grand
817 2193 936 2244 dans
962 2196 1279 2259 l’eloquenee‚
1302 2197 1343 2243 si
1363 2211 1459 2244 une
1481 2203 1620 2245 autre
1646 2195 1883 2245 ambition
1902 2212 1966 2243 ne
1986 2196 2109 2243 l'osta
2130 2199 2357 2245 antrum&

491 2288 669 2338 vorsla
691 2287 846 2352 gloire
867 2288 979 2351 plus
1000 2290 1237 2336 eclatante
1257 2287 1339 2336 des
1361 2289 1627 2352 guerriers:
1671 2288 1710 2336 il
1742 2289 1874 2336 avait
1897 2303 2029 2335 assez
2050 2285 2106 2333 de
2131 2287 2358 2335 richesae

492 2383 615 2432 dans
648 2383 694 2431 le
723 2383 864 2446 style,
894 2398 962 2430 un
995 2397 1119 2445 coup
1146 2382 1280 2430 d’oeil
1306 2384 1389 2428 εθι-
1426 2390 1473 2428 et
1495 2383 1783 2444 penetrant.;
1804 2386 1959 2443 quant
1991 2382 2022 2427 ὲ
2039 2379 2267 2440 l'action,
2304 2395 2360 2428 sa

491 2477 605 2524 voix
627 2475 746 2524 etait
775 2475 933 2538 pleine
967 2474 1160 2533 d’eclat‚
1187 2483 1235 2522 et
1268 2490 1356 2521 son
1379 2483 1511 2537 geste
1538 2472 1683 2521 d’une
1704 2473 1929 2521 noblesse
1963 2471 2252 2520 admirable.
2276 2473 2357 2521 Un

487 2574 629 2615 autre
651 2566 710 2614 de
730 2581 834 2615 mes
858 2570 1022 2629 egaux
1046 2581 1107 2613 en
1131 2568 1239 2629 fige,
1266 2565 1331 2614 D.
1367 2566 1580 2626 Silanus,
1619 2572 1755 2614 votre
1787 2565 2076 2628 beau-pero,
2103 2567 2239 2614 avait
2264 2582 2358 2629 peu

488 2660 834 2718 d’etude,mais
852 2677 985 2710 assez
996 2661 1052 2709 de
1071 2662 1371 2724 penetration
1385 2670 1430 2708 et
1449 2661 1506 2707 de
1530 2660 1802 2723 facilite.Q.
1815 2660 2097 2725 Pompeius,
2113 2661 2196 2709 filo
2204 2662 2359 2710 d’An·

485 2759 565 2807 lus
587 2768 633 2807 et
656 2762 935 2807 surnomme
963 2761 1009 2807 le
1046 2758 1364 2820 Bithynique,
1413 2761 1505 2822 age
1542 2758 1794 2807 d’environ
1824 2759 1954 2807 deux
1986 2774 2076 2807 ans
2115 2761 2232 2821 plus
2262 2774 2358 2821 que

481 2858 605 2916 moi,
621 2857 740 2905 etait
756 2857 1015 2919 passionnd
1037 2871 1159 2920 pour
1178 2857 1494 2918 l’eloquence,
1514 2863 1705 2916 suvant,
1724 2857 1980 2905 laborieux
1994 2864 2045 2904 ct
2062 2855 2192 2903 done
2205 2857 2360 2904 d'une

473 2953 680 3003 activite
707 2953 1007 3016 incroyable.
1032 2952 1094 3002 Je
1116 2953 1225 3015 puis
1247 2952 1294 2999 le
1324 2954 1485 3001 savoir
1504 2971 1518 3005 ς
1535 2968 1620 3002 car
1641 2968 1766 3001 nous
1785 2953 2004 3008 Peuma,
2029 2952 2097 3000 M.
2131 2953 2282 3001 Pison
2306 2965 2355 3002 et

482 3051 597 3113 moi,
613 3049 1017 3099 mon-seulement
1031 3065 1155 3114 pour
1177 3051 1297 3110 ami,
1330 3052 1452 3098 mais
1477 3065 1601 3114 pour
1630 3064 1938 3113 compagum
1974 3050 2043 3098 do.
2059 3065 2158 3098 nos
2175 3051 2356 3100 §tuden

479 3161 528 3198 et
541 3149 599 3197 de
620 3165 711 3198 nos
733 3148 987 3197 exercices.
1008 3148 1104 3198 Son
1129 3149 1290 3197 action
1310 3164 1370 3196 ne
1393 3148 1556 3198 faisait
1576 3163 1661 3212 pas
1684 3164 1817 3197 assez
1834 3149 1993 3197 valoir
2015 3163 2090 3196 ses
2113 3151 2312 3213 par-oles
2333 3169 2352 3206 ς

478 3248 700 3296 celles-ci
725 3246 969 3295 coulaient
993 3261 1054 3294 en
1091 3245 1203 3294 effet
1223 3260 1340 3293 avec
1368 3246 1573 3308 quelque
1603 3244 1916 3304 abondancn
1952 3245 2191 3293 maiam
2213 3246 2356 3294 debit

476 3347 607 3394 avait
624 3352 734 3408 trop
751 3360 844 3409 peu
874 3344 932 3393 de
953 3347 1114 3408 grace.
1140 3345 1200 3392 P.
1230 3345 1520 3404 Autronius,
1552 3344 1620 3391 du
1658 3345 1815 3392 meme
1836 3345 1929 3407 age
1952 3357 2046 3407 que
2079 3342 2176 3403 lui,
2214 3343 2354 3391 avait

478 3458 572 3490 nne
596 3444 711 3491 voix
739 3442 861 3490 forte
884 3448 931 3490 et
949 3449 1208 3504 percant„
1229 3441 1395 3489 c’etait
1406 3442 1455 3488 la
1473 3447 1580 3488 tout
1597 3455 1685 3487 son
1696 3440 1883 3489 merite.
1898 3439 2150 3501 Aj0utons
2176 3439 2242 3488 L.
2256 3437 2353 3489 Oc·

468 3542 633 3588 tavius
665 3540 723 3588 de
739 3540 900 3600 Reate,
932 3541 1031 3603 qui,
1070 3539 1177 3602 ddja
1212 3538 1311 3586 fort
1328 3539 1507 3601 occupe
1524 3551 1588 3585 au
1610 3526 1832 3599 bari-ean,
1860 3544 2062 3584 mourut
2079 3539 2108 3582 ἐι
2129 3536 2181 3582 ln
2218 3535 2352 3585 fleur
