2592 4084
1111 344 1374 390 BRUTUS.
1652 351 1689 389 ι.»
2054 337 2126 390 39
2139 340 2163 389 l

325 463 424 512 tuis
452 461 629 511 litteris
652 459 971 525 suavissimisg
1112 460 1238 509 dens
1264 467 1317 509 te
1337 461 1478 510 lettre
1499 461 1540 509 si
1563 460 1875 522 affectueuse;

330 530 509 592 quibus
531 528 757 576 censebas
1113 528 1180 575 ou
1200 536 1255 575 tu
1278 527 1468 590 pensais

326 603 544 657 oportere
564 607 642 641 me
664 606 767 641 esse
1112 592 1280 642 sulloit
1305 594 1403 640 moi
1425 595 1526 640 etre

325 660 492 708 animo
514 658 650 716 forti,
1114 657 1235 707 d’un
1252 672 1387 707 coeur
1408 672 1645 722 ecura-gen

322 725 452 788 quod
480 725 735 788 gessissem
751 737 809 773 ea
1112 737 1257 786 perce
1276 738 1370 785 que
1385 724 1563 785 ‚i'svais
1586 724 1677 772 fait
1700 723 1784 772 des
1806 724 1974 776 choses

324 806 433 853 que.
453 790 766 853 loquerentur
1112 789 1199 851 qui
1220 788 1512 853 purleruient

323 858 432 919 ipse
453 855 513 905 de
530 870 626 914 me,
1111 854 1435 904 elles-memes
1457 854 1516 902 de
1539 853 1659 913 moi,

322 924 469 970 etium
487 936 562 970 me
586 927 794 980 tacente,
1113 922 1270 969 meme
1295 920 1397 968 moi
1420 935 1500 968 me
1521 921 1717 977 taisant,

322 989 649 1049 viverentque,
672 993 891 1042 mortuoz
1112 992 1162 1034 et
1182 987 1438 1045 vivraient‚
1461 989 1554 1033 moi
1578 992 1737 1034 mort=

325 1067 438 1113 qua
459 1052 631 1101 darent
653 1052 981 1101 testimouium
1114 1051 1197 1113 qui
1220 1055 1513 1115 porteruient
1533 1052 1841 1115 temoignage

324 1132 542 1167 meorum
562 1119 877 1168 consiliorum
1114 1115 1173 1165 de
1194 1132 1297 1165 mes
1318 1132 1437 1165 vues

323 1183 385 1232 de
404 1184 673 1251 republica,
1111 1195 1198 1232 sur
1224 1183 1275 1230 lu
1296 1185 1348 1230 re
1350 1182 1512 1247 publiq
1516 1196 1598 1234 ue,

329 1249 488 1298 sul-ute
499 1223 792 1313 reipublicae,
1113 1263 1201 1311 pur
1224 1248 1270 1297 le
1290 1250 1421 1297 salut
1442 1198 1512 1296 de
1522 1248 1557 1296 1’
1559 1213 1678 1299 fitat

325 1315 368 1362 si
390 1322 512 1363 esset
538 1326 683 1378 recte,
1114 1314 1155 1361 si
1175 1313 1215 1362 il
1233 1315 1351 1362 eteit
1369 1329 1456 1362 en·
1437 1315 1701 1372 -bon-etat,

325 1381 402 1428 sin
423 1395 578 1437 secus,
1112 1394 1138 1427 s
1140 1380 1193 1428 ’il
1212 1382 1293 1440 (en
1315 1380 1449 1439 etait)
1470 1386 1758 1438 entrement‚
1855 1381 1863 1391 '

323 1447 523 1495 interitu
542 1447 666 1509 ipso.
1113 1460 1201 1508 pur
1232 1460 1288 1492 sa
1309 1456 1438 1508 perte
1455 1448 1628 1495 meme.

390 1512 591 1561 XCVII.
606 1510 700 1561 Sed
717 1509 873 1568 doleo,
889 1509 1054 1568 Brute,
1178 1509 1380 1560 XCVII.
1413 1512 1576 1559 Meis·
1559 1528 1606 1575 Je
1622 1527 1670 1560 m
1675 1510 1876 1572 ’afflige,
1900 1510 2106 1571 Brutus,

321 1578 519 1627 intuens
539 1579 591 1626 in
611 1585 686 1635 ως
1113 1589 1172 1623 en
1175 1577 1611 1653 -jetunt-les-yeux
1636 1593 1720 1626 sur
1741 1578 1840 1642 toi·

319 1643 375 1690 in
399 1643 772 1692 adolescentiam
795 1641 957 1705 cujus,
1113 1657 1199 1690 sur
1220 1641 1307 1690 la
1284 1657 1510 1704 Jeunesse
1534 1643 1732 1706 duquel,

322 1709 463 1770 quusi
487 1708 737 1757 vehentem
772 1706 1026 1771 quadrigis
1111 1722 1301 1756 comme
1318 1711 1507 1757 moutee
1525 1724 1610 1757 sur
1626 1725 1694 1758 un
1714 1708 1950 1772 quadrige

320 1789 408 1836 per
431 1772 616 1823 medius
638 1774 823 1829 laudes,
1113 1787 1178 1821 au
1200 1773 1370 1821 milieu
1393 1773 1479 1823 des
1504 1776 1689 1835 succes,

321 1842 500 1887 misere
521 1839 722 1887 fortuna.
742 1838 1024 1902 reipublice
1113 1838 1166 1885 la.
1192 1840 1332 1886 triste
1352 1839 1545 1888 fortune
1563 1840 1621 1888 de
1645 1841 1695 1889 la
1715 1841 1999 1907 republique

321 1905 531 1952 incurrit
552 1913 850 1960 transversag
1112 1919 1136 1950 s
1138 1905 1227 1952 ’est
1251 1904 1414 1967 jetee
1399 1921 1454 1952 a·
1432 1904 1771 1965 -la-truverse3

320 1968 403 2017 hic
427 1969 563 2018 dolor
590 1971 732 2034 ungit
752 1985 845 2027 me,
1113 1976 1236 2017 cette
1254 1969 1458 2018 douleur
1474 1972 1664 2020 attriste
1684 1975 1802 2031 moi,

321 2034 430 2083 haec
450 2050 570 2083 cura
1113 2049 1168 2083 ce
1189 2036 1324 2084 souci

320 2100 554 2149 sollicitat
574 2115 668 2157 me,
1113 2108 1386 2148 tourmente
1402 2100 1522 2158 moi,

321 2173 371 2214 et
389 2180 578 2214 mecum
605 2165 739 2214 hunc
1115 2173 1161 2213 st
1181 2181 1297 2213 avec
1321 2166 1420 2214 moi
1440 2166 1659 2225 celui-ci,

320 2232 507 2280 socium
531 2231 748 2294 ejusdem
1113 2229 1216 2292 qui-
1216 2238 1415 2295 pus-tege
1434 2230 1479 2280 le
1503 2235 1658 2281 meme

319 2305 369 2344 et
395 2299 575 2346 amoris
602 2307 650 2346 et
665 2296 861 2360 judicii.
934 2341 938 2344 Α
1112 2303 1162 2344 et
1177 2310 1349 2345 amour
1372 2302 1421 2344 et
1432 2296 1702 2361 jugement.

320 2362 563 2411 Favemus
584 2363 698 2420 tibi3
1110 2360 1249 2411 Nous
1270 2368 1495 2425 portons-
1471 2363 1582 2410 --de
1584 2363 1795 2412 l’interet
1815 2367 1846 2414 ὲ
1876 2366 1975 2414 toi·
1959 2398 1975 2423 ,

318 2430 543 2491 cupimus
558 2434 607 2478 te
624 2428 726 2479 frui
1111 2442 1238 2476 nous
1259 2427 1479 2476 desimus
1499 2429 1568 2477 toi
1588 2429 1722 2490 jouir

317 2502 406 2543 tus.
443 2494 646 2551 virtute·
1112 2492 1174 2541 de
1196 2500 1248 2541 ts
1268 2501 1437 2541 vertu·
1424 2526 1438 2551 ,

318 2569 544 2623 optamus
561 2559 654 2609 tibi
1112 2573 1239 2606 nous
1261 2558 1545 2608 souhuitons
1568 2561 1599 2607 ὲ
1619 2559 1690 2609 toi

318 2627 668 2701 rempublicam
696 2638 822 2683 eam,
1113 2639 1209 2672 une
1227 2625 1511 2688 republique
1533 2625 1664 2683 telle,

319 2690 373 2738 in
397 2705 493 2753 qua
1113 2705 1209 2752 que
1238 2690 1359 2738 dans
1379 2690 1471 2739 elle

320 2756 475 2817 possis
496 2769 731 2806 renovare
1113 2762 1170 2803 tu
1191 2757 1376 2818 puisses
1395 2756 1678 2805 renouveler

320 2829 466 2883 atque
488 2835 665 2884 sugere
1114 2827 1164 2870 et
1191 2827 1479 2885 augmentet

320 2886 605 2935 memoriam
1112 2887 1409 2936 Ie‘souvenir

322 2952 534 3001 duorum
565 2965 794 3014 generum
1115 2951 1175 3002 de
1199 2953 1327 3001 deux
1350 2952 1561 3001 familles

319 3017 737 3081 amplissimorum
1116 3018 1612 3067 tres-considerable&

320 3085 501 3133 Forum
528 3082 659 3133 enim
677 3092 782 3131 erat
800 3092 957 3139 tuum,
1114 3083 1211 3132 Car
1232 3085 1277 3131 le
1292 3083 1454 3132 forum
1475 3086 1594 3133 etait
1612 3087 1727 3142 tien.

322 3149 445 3198 illud
462 3148 762 3200 curriculum
1116 3156 1239 3196 cette
1257 3150 1462 3198 carriere

324 3228 428 3262 erat
446 3226 587 3264 tuum
607 3231 622 3273 ς
1116 3215 1237 3261 &tait
1253 3216 1413 3262 tienne
1427 3231 1441 3269 ς

323 3288 380 3328 tu
407 3296 534 3329 unus
552 3294 752 3331 veneras
769 3280 907 3340 illuc,
1117 3278 1187 3327 toi
1205 3279 1307 3327 seul
1330 3281 1448 3326 etsie
1470 3293 1598 3327 venn
1617 3279 1685 3332 ln.

327 3346 413 3406 qui
437 3361 533 3394 non
559 3347 704 3396 modo
1117 3344 1304 3407 tel-que
1324 3345 1710 3393 non-seulement

326 3415 538 3458 acuisses
558 3412 779 3475 linguam
1119 3416 1176 3458 tu
1194 3412 1328 3458 avais
1348 3413 1517 3458 exerce
1534 3419 1589 3458 ta
1612 3412 1792 3473 langue

325 3477 666 3525 exercitatione
687 3475 902 3538 dicendi,
1120 3491 1208 3539 pur
1232 3477 1283 3524 la
1307 3476 1529 3538 pratique
1546 3476 1606 3524 de
1624 3477 1676 3524 la
1695 3475 1875 3539 parole,
