<?xml version="1.0" encoding="UTF-8"?>
<!DOCTYPE html PUBLIC "-//W3C//DTD XHTML 1.0 Transitional//EN"
    "http://www.w3.org/TR/xhtml1/DTD/xhtml1-transitional.dtd">
<html xmlns="http://www.w3.org/1999/xhtml" xml:lang="en" lang="en">
 <head>
  <title>
</title>
<meta http-equiv="Content-Type" content="text/html;charset=utf-8" />
  <meta name='ocr-system' content='tesseract 3.04.00' />
  <meta name='ocr-capabilities' content='ocr_page ocr_carea ocr_par ocr_line ocrx_word'/>
</head>
<body>
  <div class='ocr_page' id='page_1' title='image "./brutus03cicegoog/brutus03cicegoog_0062.png"; bbox 0 0 2592 4084; ppageno 0'>
   <div class='ocr_carea' id='block_1_1' title="bbox 388 313 1448 373">
    <p class='ocr_par' dir='ltr' id='par_1_1' title="bbox 388 313 1448 373">
     <span class='ocr_line' id='line_1_1' title="bbox 388 313 1448 373; baseline -0.006 -2"><span class='ocrx_word' id='word_1_1' title='bbox 388 313 465 373; x_wconf 71' lang='lat'><strong>50</strong></span> <span class='ocrx_word' id='word_1_2' title='bbox 1181 318 1448 365; x_wconf 69' lang='lat' dir='ltr'><strong>saurus,</strong></span> 
     </span>
    </p>
   </div>
   <div class='ocr_carea' id='block_1_2' title="bbox 380 430 2340 1860">
    <p class='ocr_par' dir='ltr' id='par_1_2' title="bbox 381 430 2340 893">
     <span class='ocr_line' id='line_1_2' title="bbox 381 430 2232 506; baseline -0.005 -11"><span class='ocrx_word' id='word_1_3' title='bbox 381 439 592 496; x_wconf 85' lang='lat' dir='ltr'><strong>banum</strong></span> <span class='ocrx_word' id='word_1_4' title='bbox 613 435 721 492; x_wconf 89' lang='lat' dir='ltr'><strong>scit</strong></span> <span class='ocrx_word' id='word_1_5' title='bbox 739 435 910 490; x_wconf 85' lang='lat' dir='ltr'><strong>fuisse</strong></span> <span class='ocrx_word' id='word_1_6' title='bbox 934 433 1282 505; x_wconf 79' lang='lat' dir='ltr'><strong>temporibus</strong></span> <span class='ocrx_word' id='word_1_7' title='bbox 1305 433 1454 489; x_wconf 83' lang='lat' dir='ltr'><strong>illis?</strong></span> <span class='ocrx_word' id='word_1_8' title='bbox 1475 433 1584 488; x_wconf 86' lang='lat' dir='ltr'><strong>nisi</strong></span> <span class='ocrx_word' id='word_1_9' title='bbox 1598 432 1733 506; x_wconf 90' lang='lat' dir='ltr'><strong>quid</strong></span> <span class='ocrx_word' id='word_1_10' title='bbox 1752 432 1822 489; x_wconf 91' lang='lat' dir='ltr'><strong>de</strong></span> <span class='ocrx_word' id='word_1_11' title='bbox 1836 430 2232 504; x_wconf 79' lang='lat' dir='ltr'><strong>Epaminonda,</strong></span> 
     </span>
     <span class='ocr_line' id='line_1_3' title="bbox 385 530 2241 604; baseline -0.004 -11"><span class='ocrx_word' id='word_1_12' title='bbox 385 536 549 594; x_wconf 87' lang='lat' dir='ltr'><strong>docto</strong></span> <span class='ocrx_word' id='word_1_13' title='bbox 575 533 817 604; x_wconf 87' lang='lat' dir='ltr'><strong>homine,</strong></span> <span class='ocrx_word' id='word_1_14' title='bbox 862 530 1131 603; x_wconf 87' lang='lat' dir='ltr'><strong>suspicari</strong></span> <span class='ocrx_word' id='word_1_15' title='bbox 1170 530 1332 587; x_wconf 86' lang='lat' dir='ltr'><strong>libet.</strong></span> <span class='ocrx_word' id='word_1_16' title='bbox 1359 530 1836 587; x_wconf 81' lang='lat' dir='ltr'><strong>Lacedaemonium</strong></span> <span class='ocrx_word' id='word_1_17' title='bbox 1863 546 2018 603; x_wconf 89' lang='lat' dir='ltr'><strong>vero,</strong></span> <span class='ocrx_word' id='word_1_18' title='bbox 2058 546 2241 603; x_wconf 83' lang='lat' dir='ltr'><strong>usque</strong></span> 
     </span>
     <span class='ocr_line' id='line_1_4' title="bbox 383 624 2231 701; baseline -0.003 -12"><span class='ocrx_word' id='word_1_19' title='bbox 383 632 456 689; x_wconf 85' lang='lat' dir='ltr'><strong>ad</strong></span> <span class='ocrx_word' id='word_1_20' title='bbox 489 631 596 687; x_wconf 91' lang='lat' dir='ltr'><strong>hoc</strong></span> <span class='ocrx_word' id='word_1_21' title='bbox 617 635 857 701; x_wconf 87' lang='lat' dir='ltr'><strong>tempus,</strong></span> <span class='ocrx_word' id='word_1_22' title='bbox 907 624 1094 687; x_wconf 85' lang='lat' dir='ltr'><strong>andivi</strong></span> <span class='ocrx_word' id='word_1_23' title='bbox 1128 627 1305 684; x_wconf 85' lang='lat' dir='ltr'><strong>fuisse</strong></span> <span class='ocrx_word' id='word_1_24' title='bbox 1336 627 1637 682; x_wconf 87' lang='lat' dir='ltr'><strong>neminem.</strong></span> <span class='ocrx_word' id='word_1_25' title='bbox 1678 625 1993 684; x_wconf 81' lang='lat' dir='ltr'><strong>Menelaum</strong></span> <span class='ocrx_word' id='word_1_26' title='bbox 2029 627 2231 699; x_wconf 77' lang='lat' dir='ltr'><strong>ipsum,</strong></span> 
     </span>
     <span class='ocr_line' id='line_1_5' title="bbox 382 723 2340 798; baseline -0.004 -12"><span class='ocrx_word' id='word_1_27' title='bbox 382 728 610 787; x_wconf 88' lang='lat' dir='ltr'><strong>dulcem</strong></span> <span class='ocrx_word' id='word_1_28' title='bbox 638 725 799 782; x_wconf 91' lang='lat' dir='ltr'><strong>illum</strong></span> <span class='ocrx_word' id='word_1_29' title='bbox 825 725 1053 798; x_wconf 89' lang='lat' dir='ltr'><strong>quidem</strong></span> <span class='ocrx_word' id='word_1_30' title='bbox 1078 723 1254 781; x_wconf 85' lang='lat' dir='ltr'><strong>tradit</strong></span> <span class='ocrx_word' id='word_1_31' title='bbox 1287 726 1585 793; x_wconf 82' lang='lat' dir='ltr'><strong>Homerus,</strong></span> <span class='ocrx_word' id='word_1_32' title='bbox 1611 723 1713 781; x_wconf 89' lang='lat' dir='ltr'><strong>sed</strong></span> <span class='ocrx_word' id='word_1_33' title='bbox 1734 740 1910 796; x_wconf 87' lang='lat' dir='ltr'><strong>pauca</strong></span> <span class='ocrx_word' id='word_1_34' title='bbox 1938 724 2233 782; x_wconf 81' lang='lat' dir='ltr'><strong>dicentem.</strong></span> <span class='ocrx_word' id='word_1_35' title='bbox 2319 757 2340 766; x_wconf 82' lang='lat'><strong>·</strong></span> 
     </span>
     <span class='ocr_line' id='line_1_6' title="bbox 382 820 2238 893; baseline -0.005 -9"><span class='ocrx_word' id='word_1_36' title='bbox 382 825 632 884; x_wconf 83' lang='lat' dir='ltr'><strong>Brevitas</strong></span> <span class='ocrx_word' id='word_1_37' title='bbox 653 829 843 880; x_wconf 88' lang='lat' dir='ltr'><strong>autem</strong></span> <span class='ocrx_word' id='word_1_38' title='bbox 870 822 994 880; x_wconf 88' lang='lat' dir='ltr'><strong>laus</strong></span> <span class='ocrx_word' id='word_1_39' title='bbox 1022 827 1109 879; x_wconf 85' lang='lat' dir='ltr'><strong>est</strong></span> <span class='ocrx_word' id='word_1_40' title='bbox 1130 822 1417 878; x_wconf 88' lang='lat' dir='ltr'><strong>interdum</strong></span> <span class='ocrx_word' id='word_1_41' title='bbox 1442 821 1501 876; x_wconf 89' lang='lat' dir='ltr'><strong>in</strong></span> <span class='ocrx_word' id='word_1_42' title='bbox 1523 820 1709 893; x_wconf 85' lang='lat' dir='ltr'><strong>aliqua</strong></span> <span class='ocrx_word' id='word_1_43' title='bbox 1731 827 1889 892; x_wconf 87' lang='lat' dir='ltr'><strong>parte</strong></span> <span class='ocrx_word' id='word_1_44' title='bbox 1912 820 2154 892; x_wconf 89' lang='lat' dir='ltr'><strong>dicendi,</strong></span> <span class='ocrx_word' id='word_1_45' title='bbox 2180 821 2238 875; x_wconf 88' lang='lat' dir='ltr'><strong>in</strong></span> 
     </span>
    </p>

    <p class='ocr_par' dir='ltr' id='par_1_3' title="bbox 382 917 1634 994">
     <span class='ocr_line' id='line_1_7' title="bbox 382 917 1634 994; baseline -0.005 -14"><span class='ocrx_word' id='word_1_46' title='bbox 382 923 646 982; x_wconf 86' lang='lat' dir='ltr'><strong>universa</strong></span> <span class='ocrx_word' id='word_1_47' title='bbox 670 920 995 994; x_wconf 85' lang='lat' dir='ltr'><strong>eloquentia</strong></span> <span class='ocrx_word' id='word_1_48' title='bbox 1028 918 1260 976; x_wconf 87' lang='lat' dir='ltr'><strong>laudem</strong></span> <span class='ocrx_word' id='word_1_49' title='bbox 1295 934 1410 975; x_wconf 87' lang='lat' dir='ltr'><strong>non</strong></span> <span class='ocrx_word' id='word_1_50' title='bbox 1446 917 1634 975; x_wconf 88' lang='lat' dir='ltr'><strong>habet.</strong></span> 
     </span>
    </p>

    <p class='ocr_par' dir='ltr' id='par_1_4' title="bbox 380 1013 2272 1860">
     <span class='ocr_line' id='line_1_8' title="bbox 449 1013 2236 1087; baseline -0.002 -13"><span class='ocrx_word' id='word_1_51' title='bbox 449 1023 521 1074; x_wconf 90' lang='lat' dir='ltr'><strong>At</strong></span> <span class='ocrx_word' id='word_1_52' title='bbox 568 1034 702 1076; x_wconf 82' lang='lat' dir='ltr'><strong>vero</strong></span> <span class='ocrx_word' id='word_1_53' title='bbox 749 1024 902 1073; x_wconf 81' lang='lat' dir='ltr'><strong>extra</strong></span> <span class='ocrx_word' id='word_1_54' title='bbox 947 1016 1221 1072; x_wconf 80' lang='lat' dir='ltr'><strong>Graeciam</strong></span> <span class='ocrx_word' id='word_1_55' title='bbox 1258 1030 1460 1087; x_wconf 78' lang='lat' dir='ltr'><strong>magna</strong></span> <span class='ocrx_word' id='word_1_56' title='bbox 1501 1013 1718 1070; x_wconf 89' lang='lat' dir='ltr'><strong>dicendi</strong></span> <span class='ocrx_word' id='word_1_57' title='bbox 1760 1015 1942 1071; x_wconf 88' lang='lat' dir='ltr'><strong>studia</strong></span> <span class='ocrx_word' id='word_1_58' title='bbox 1989 1014 2236 1086; x_wconf 81' lang='lat' dir='ltr'><strong>fuerunt,</strong></span> 
     </span>
     <span class='ocr_line' id='line_1_9' title="bbox 383 1111 2243 1188; baseline -0.003 -14"><span class='ocrx_word' id='word_1_59' title='bbox 383 1115 717 1188; x_wconf 83' lang='lat' dir='ltr'><strong>maximique</strong></span> <span class='ocrx_word' id='word_1_60' title='bbox 754 1113 886 1170; x_wconf 88' lang='lat' dir='ltr'><strong>huic</strong></span> <span class='ocrx_word' id='word_1_61' title='bbox 915 1112 1070 1168; x_wconf 86' lang='lat' dir='ltr'><strong>laudi</strong></span> <span class='ocrx_word' id='word_1_62' title='bbox 1097 1111 1276 1168; x_wconf 85' lang='lat' dir='ltr'><strong>habiti</strong></span> <span class='ocrx_word' id='word_1_63' title='bbox 1315 1111 1554 1169; x_wconf 85' lang='lat' dir='ltr'><strong>honores</strong></span> <span class='ocrx_word' id='word_1_64' title='bbox 1578 1111 1797 1168; x_wconf 78' lang='lat' dir='ltr'><strong>illustre</strong></span> <span class='ocrx_word' id='word_1_65' title='bbox 1835 1115 2116 1168; x_wconf 79' lang='lat' dir='ltr'><strong>oratorum</strong></span> <span class='ocrx_word' id='word_1_66' title='bbox 2142 1127 2243 1168; x_wconf 93' lang='lat' dir='ltr'><strong>no-</strong></span> 
     </span>
     <span class='ocr_line' id='line_1_10' title="bbox 383 1208 2272 1283; baseline -0.004 -9"><span class='ocrx_word' id='word_1_67' title='bbox 383 1232 513 1274; x_wconf 91' lang='lat' dir='ltr'><strong>men</strong></span> <span class='ocrx_word' id='word_1_68' title='bbox 540 1213 924 1269; x_wconf 89' lang='lat' dir='ltr'><strong>reddiderunt.</strong></span> <span class='ocrx_word' id='word_1_69' title='bbox 954 1213 1096 1267; x_wconf 88' lang='lat' dir='ltr'><strong>Nam</strong></span> <span class='ocrx_word' id='word_1_70' title='bbox 1123 1215 1190 1266; x_wconf 82' lang='lat' dir='ltr'><strong>ut</strong></span> <span class='ocrx_word' id='word_1_71' title='bbox 1216 1209 1393 1267; x_wconf 87' lang='lat' dir='ltr'><strong>semel</strong></span> <span class='ocrx_word' id='word_1_72' title='bbox 1421 1227 1451 1266; x_wconf 91' lang='grc'>0</span> <span class='ocrx_word' id='word_1_73' title='bbox 1482 1210 1659 1267; x_wconf 83' lang='lat' dir='ltr'><strong>Piraeo</strong></span> <span class='ocrx_word' id='word_1_74' title='bbox 1687 1209 2007 1283; x_wconf 85' lang='lat' dir='ltr'><strong>eloquentia</strong></span> <span class='ocrx_word' id='word_1_75' title='bbox 2046 1208 2272 1267; x_wconf 55' lang='lat' dir='ltr'><strong>evecta*</strong></span> 
     </span>
     <span class='ocr_line' id='line_1_11' title="bbox 383 1305 2243 1382; baseline -0.004 -14"><span class='ocrx_word' id='word_1_76' title='bbox 383 1315 488 1382; x_wconf 85' lang='lat' dir='ltr'><strong>est,</strong></span> <span class='ocrx_word' id='word_1_77' title='bbox 508 1326 702 1367; x_wconf 88' lang='lat' dir='ltr'><strong>omnes</strong></span> <span class='ocrx_word' id='word_1_78' title='bbox 724 1307 1044 1380; x_wconf 82' lang='lat' dir='ltr'><strong>peragravit</strong></span> <span class='ocrx_word' id='word_1_79' title='bbox 1062 1305 1300 1375; x_wconf 87' lang='lat' dir='ltr'><strong>insulas,</strong></span> <span class='ocrx_word' id='word_1_80' title='bbox 1329 1310 1494 1379; x_wconf 87' lang='lat' dir='ltr'><strong>atque</strong></span> <span class='ocrx_word' id='word_1_81' title='bbox 1516 1307 1595 1362; x_wconf 82' lang='lat' dir='ltr'><strong>ita</strong></span> <span class='ocrx_word' id='word_1_82' title='bbox 1613 1305 1964 1379; x_wconf 80' lang='lat' dir='ltr'><strong>peregrinata</strong></span> <span class='ocrx_word' id='word_1_83' title='bbox 1985 1311 2103 1362; x_wconf 87' lang='lat' dir='ltr'><strong>tota</strong></span> <span class='ocrx_word' id='word_1_84' title='bbox 2117 1306 2243 1361; x_wconf 84' lang='lat' dir='ltr'><strong>Asia</strong></span> 
     </span>
     <span class='ocr_line' id='line_1_12' title="bbox 383 1401 2239 1478; baseline -0.003 -14"><span class='ocrx_word' id='word_1_85' title='bbox 383 1414 487 1478; x_wconf 80' lang='lat' dir='ltr'><strong>est,</strong></span> <span class='ocrx_word' id='word_1_86' title='bbox 516 1413 581 1463; x_wconf 86' lang='lat' dir='ltr'><strong>ut</strong></span> <span class='ocrx_word' id='word_1_87' title='bbox 603 1423 662 1462; x_wconf 88' lang='lat' dir='ltr'><strong>se</strong></span> <span class='ocrx_word' id='word_1_88' title='bbox 692 1403 931 1461; x_wconf 87' lang='lat' dir='ltr'><strong>externis</strong></span> <span class='ocrx_word' id='word_1_89' title='bbox 954 1403 1233 1460; x_wconf 87' lang='lat' dir='ltr'><strong>oblineret</strong></span> <span class='ocrx_word' id='word_1_90' title='bbox 1260 1401 1531 1471; x_wconf 85' lang='lat' dir='ltr'><strong>moribus,</strong></span> <span class='ocrx_word' id='word_1_91' title='bbox 1560 1418 1890 1475; x_wconf 88' lang='lat' dir='ltr'><strong>omnemque</strong></span> <span class='ocrx_word' id='word_1_92' title='bbox 1918 1402 2073 1458; x_wconf 90' lang='lat' dir='ltr'><strong>illam</strong></span> <span class='ocrx_word' id='word_1_93' title='bbox 2091 1402 2239 1459; x_wconf 81' lang='lat' dir='ltr'><strong>salu-</strong></span> 
     </span>
     <span class='ocr_line' id='line_1_13' title="bbox 380 1498 2242 1572; baseline -0.004 -10"><span class='ocrx_word' id='word_1_94' title='bbox 380 1504 642 1562; x_wconf 84' lang='lat' dir='ltr'><strong>britatem</strong></span> <span class='ocrx_word' id='word_1_95' title='bbox 667 1502 860 1557; x_wconf 79' lang='lat' dir='ltr'><strong>Atticae</strong></span> <span class='ocrx_word' id='word_1_96' title='bbox 889 1500 1169 1566; x_wconf 83' lang='lat' dir='ltr'><strong>dictionis,</strong></span> <span class='ocrx_word' id='word_1_97' title='bbox 1195 1500 1356 1572; x_wconf 86' lang='lat' dir='ltr'><strong>quasi</strong></span> <span class='ocrx_word' id='word_1_98' title='bbox 1374 1498 1664 1555; x_wconf 86' lang='lat' dir='ltr'><strong>sanitatem</strong></span> <span class='ocrx_word' id='word_1_99' title='bbox 1691 1499 1970 1570; x_wconf 86' lang='lat' dir='ltr'><strong>perderet,</strong></span> <span class='ocrx_word' id='word_1_100' title='bbox 1995 1514 2062 1555; x_wconf 89' lang='lat' dir='ltr'><strong>ac</strong></span> <span class='ocrx_word' id='word_1_101' title='bbox 2089 1498 2242 1572; x_wconf 89' lang='lat' dir='ltr'><strong>loqui</strong></span> 
     </span>
     <span class='ocr_line' id='line_1_14' title="bbox 381 1594 2244 1673; baseline -0.003 -18"><span class='ocrx_word' id='word_1_102' title='bbox 381 1615 541 1673; x_wconf 85' lang='lat' dir='ltr'><strong>paene</strong></span> <span class='ocrx_word' id='word_1_103' title='bbox 585 1597 912 1653; x_wconf 83' lang='lat' dir='ltr'><strong>dedisceret.</strong></span> <span class='ocrx_word' id='word_1_104' title='bbox 964 1596 1110 1653; x_wconf 85' lang='lat' dir='ltr'><strong>Hinc</strong></span> <span class='ocrx_word' id='word_1_105' title='bbox 1150 1594 1379 1652; x_wconf 87' lang='lat' dir='ltr'><strong>Asiatici</strong></span> <span class='ocrx_word' id='word_1_106' title='bbox 1420 1600 1664 1651; x_wconf 86' lang='lat' dir='ltr'><strong>oratores</strong></span> <span class='ocrx_word' id='word_1_107' title='bbox 1697 1611 1809 1652; x_wconf 92' lang='lat' dir='ltr'><strong>non</strong></span> <span class='ocrx_word' id='word_1_108' title='bbox 1849 1594 2244 1653; x_wconf 87' lang='lat' dir='ltr'><strong>contemnendi</strong></span> 
     </span>
     <span class='ocr_line' id='line_1_15' title="bbox 383 1691 2245 1768; baseline -0.002 -18"><span class='ocrx_word' id='word_1_109' title='bbox 383 1694 611 1768; x_wconf 88' lang='lat' dir='ltr'><strong>quidem</strong></span> <span class='ocrx_word' id='word_1_110' title='bbox 638 1709 742 1750; x_wconf 91' lang='lat' dir='ltr'><strong>nec</strong></span> <span class='ocrx_word' id='word_1_111' title='bbox 761 1693 1074 1763; x_wconf 84' lang='lat' dir='ltr'><strong>celeritate,</strong></span> <span class='ocrx_word' id='word_1_112' title='bbox 1103 1708 1208 1749; x_wconf 91' lang='lat' dir='ltr'><strong>nec</strong></span> <span class='ocrx_word' id='word_1_113' title='bbox 1232 1692 1410 1764; x_wconf 84' lang='lat' dir='ltr'><strong>copia,</strong></span> <span class='ocrx_word' id='word_1_114' title='bbox 1433 1691 1532 1747; x_wconf 88' lang='lat' dir='ltr'><strong>sed</strong></span> <span class='ocrx_word' id='word_1_115' title='bbox 1554 1707 1754 1763; x_wconf 87' lang='lat' dir='ltr'><strong>parum</strong></span> <span class='ocrx_word' id='word_1_116' title='bbox 1783 1691 1963 1764; x_wconf 86' lang='lat' dir='ltr'><strong>pressi</strong></span> <span class='ocrx_word' id='word_1_117' title='bbox 1991 1697 2046 1748; x_wconf 81' lang='lat' dir='ltr'><strong>et</strong></span> <span class='ocrx_word' id='word_1_118' title='bbox 2078 1691 2245 1747; x_wconf 87' lang='lat' dir='ltr'><strong>nimis</strong></span> 
     </span>
     <span class='ocr_line' id='line_1_16' title="bbox 382 1787 2245 1860; baseline -0.003 -9"><span class='ocrx_word' id='word_1_119' title='bbox 382 1793 779 1851; x_wconf 76' lang='lat' dir='ltr'><strong>redundantes,</strong></span> <span class='ocrx_word' id='word_1_120' title='bbox 822 1790 1026 1849; x_wconf 86' lang='lat' dir='ltr'><strong>Rhodii</strong></span> <span class='ocrx_word' id='word_1_121' title='bbox 1069 1789 1339 1860; x_wconf 77' lang='lat' dir='ltr'><strong>sanioreS,</strong></span> <span class='ocrx_word' id='word_1_122' title='bbox 1379 1792 1434 1844; x_wconf 87' lang='lat' dir='ltr'><strong>et</strong></span> <span class='ocrx_word' id='word_1_123' title='bbox 1458 1788 1762 1845; x_wconf 85' lang='lat' dir='ltr'><strong>Atticorum</strong></span> <span class='ocrx_word' id='word_1_124' title='bbox 1785 1787 2104 1846; x_wconf 87' lang='lat' dir='ltr'><strong>similiores.</strong></span> <span class='ocrx_word' id='word_1_125' title='bbox 2133 1788 2245 1846; x_wconf 89' lang='lat' dir='ltr'><strong>Sed</strong></span> 
     </span>
    </p>
   </div>
   <div class='ocr_carea' id='block_1_3' title="bbox 378 2010 2342 3436">
    <p class='ocr_par' dir='ltr' id='par_1_5' title="bbox 379 2010 2254 2567">
     <span class='ocr_line' id='line_1_17' title="bbox 380 2010 2247 2087; baseline -0.003 -15"><span class='ocrx_word' id='word_1_126' title='bbox 380 2010 770 2087; x_wconf 60' lang='lat' dir='ltr'><strong>ripaminondas,</strong></span> <span class='ocrx_word' id='word_1_127' title='bbox 794 2018 997 2068; x_wconf 86' lang='lat' dir='ltr'><strong>homme</strong></span> <span class='ocrx_word' id='word_1_128' title='bbox 1021 2031 1152 2065; x_wconf 75' lang='lat' dir='ltr'><strong>assez</strong></span> <span class='ocrx_word' id='word_1_129' title='bbox 1178 2017 1356 2065; x_wconf 71' lang='lat' dir='ltr'><strong>eclaire</strong></span> <span class='ocrx_word' id='word_1_130' title='bbox 1379 2031 1500 2081; x_wconf 83' lang='lat' dir='ltr'><strong>pour</strong></span> <span class='ocrx_word' id='word_1_131' title='bbox 1517 2015 1664 2080; x_wconf 79' lang='lat' dir='ltr'><strong>qu&#39;on</strong></span> <span class='ocrx_word' id='word_1_132' title='bbox 1698 2016 1770 2065; x_wconf 89' lang='lat' dir='ltr'><strong>lui</strong></span> <span class='ocrx_word' id='word_1_133' title='bbox 1805 2031 2010 2081; x_wconf 75' lang='lat' dir='ltr'><strong>suppose</strong></span> <span class='ocrx_word' id='word_1_134' title='bbox 2036 2018 2247 2080; x_wconf 86' lang='lat' dir='ltr'><strong>quelque</strong></span> 
     </span>
     <span class='ocr_line' id='line_1_18' title="bbox 380 2110 2248 2179; baseline -0.003 -10"><span class='ocrx_word' id='word_1_135' title='bbox 380 2121 536 2170; x_wconf 74' lang='lat' dir='ltr'><strong>talent</strong></span> <span class='ocrx_word' id='word_1_136' title='bbox 557 2133 617 2166; x_wconf 85' lang='lat' dir='ltr'><strong>en</strong></span> <span class='ocrx_word' id='word_1_137' title='bbox 659 2131 714 2166; x_wconf 83' lang='grc'><strong>00</strong></span> <span class='ocrx_word' id='word_1_138' title='bbox 750 2129 918 2179; x_wconf 80' lang='lat' dir='ltr'><strong>genre.</strong></span> <span class='ocrx_word' id='word_1_139' title='bbox 946 2112 1115 2174; x_wconf 78' lang='lat' dir='ltr'><strong>Quant</strong></span> <span class='ocrx_word' id='word_1_140' title='bbox 1140 2113 1172 2161; x_wconf 69' lang='grc' dir='ltr'>δ</span> <span class='ocrx_word' id='word_1_141' title='bbox 1191 2110 1542 2174; x_wconf 69' lang='lat' dir='ltr'><strong>Laoeddmone,</strong></span> <span class='ocrx_word' id='word_1_142' title='bbox 1580 2112 1630 2176; x_wconf 84' lang='lat' dir='ltr'><strong>je</strong></span> <span class='ocrx_word' id='word_1_143' title='bbox 1649 2114 1748 2162; x_wconf 79' lang='lat' dir='ltr'><strong>n&#39;ai</strong></span> <span class='ocrx_word' id='word_1_144' title='bbox 1794 2128 1881 2178; x_wconf 74' lang='lat' dir='ltr'><strong>pas</strong></span> <span class='ocrx_word' id='word_1_145' title='bbox 1903 2114 2118 2162; x_wconf 83' lang='lat' dir='ltr'><strong>entendu</strong></span> <span class='ocrx_word' id='word_1_146' title='bbox 2141 2114 2248 2163; x_wconf 88' lang='lat' dir='ltr'><strong>dire</strong></span> 
     </span>
     <span class='ocr_line' id='line_1_19' title="bbox 380 2210 2249 2284; baseline -0.003 -18"><span class='ocrx_word' id='word_1_147' title='bbox 380 2233 475 2284; x_wconf 86' lang='lat' dir='ltr'><strong>que</strong></span> <span class='ocrx_word' id='word_1_148' title='bbox 498 2215 697 2278; x_wconf 59' lang='lat' dir='ltr'><strong>jusqu’a</strong></span> <span class='ocrx_word' id='word_1_149' title='bbox 717 2228 807 2263; x_wconf 81' lang='lat' dir='ltr'><strong>noe</strong></span> <span class='ocrx_word' id='word_1_150' title='bbox 826 2212 973 2275; x_wconf 75' lang='lat' dir='ltr'><strong>Jours</strong></span> <span class='ocrx_word' id='word_1_151' title='bbox 994 2211 1086 2260; x_wconf 85' lang='grc'>0110</span> <span class='ocrx_word' id='word_1_152' title='bbox 1116 2226 1178 2261; x_wconf 84' lang='lat' dir='ltr'><strong>en</strong></span> <span class='ocrx_word' id='word_1_153' title='bbox 1203 2212 1274 2259; x_wconf 76' lang='lat' dir='ltr'><strong>ait</strong></span> <span class='ocrx_word' id='word_1_154' title='bbox 1306 2210 1502 2274; x_wconf 86' lang='lat' dir='ltr'><strong>produit</strong></span> <span class='ocrx_word' id='word_1_155' title='bbox 1524 2226 1592 2260; x_wconf 88' lang='lat' dir='ltr'><strong>un</strong></span> <span class='ocrx_word' id='word_1_156' title='bbox 1614 2212 1738 2260; x_wconf 76' lang='lat' dir='ltr'><strong>seul.</strong></span> <span class='ocrx_word' id='word_1_157' title='bbox 1765 2211 1995 2270; x_wconf 68' lang='lat' dir='ltr'><strong>menelae,</strong></span> <span class='ocrx_word' id='word_1_158' title='bbox 2034 2228 2100 2261; x_wconf 81' lang='lat' dir='ltr'><strong>au</strong></span> <span class='ocrx_word' id='word_1_159' title='bbox 2127 2228 2249 2276; x_wconf 78' lang='lat' dir='ltr'><strong>rap-</strong></span> 
     </span>
     <span class='ocr_line' id='line_1_20' title="bbox 379 2305 2243 2378; baseline -0.003 -17"><span class='ocrx_word' id='word_1_160' title='bbox 379 2318 493 2378; x_wconf 82' lang='lat' dir='ltr'><strong>port</strong></span> <span class='ocrx_word' id='word_1_161' title='bbox 514 2311 795 2368; x_wconf 75' lang='lat' dir='ltr'><strong>d’Homere,</strong></span> <span class='ocrx_word' id='word_1_162' title='bbox 818 2307 1125 2372; x_wconf 65' lang='lat' dir='ltr'><strong>e&#39;eazprimait</strong></span> <span class='ocrx_word' id='word_1_163' title='bbox 1143 2306 1529 2370; x_wconf 72' lang='lat' dir='ltr'><strong>agreablement,</strong></span> <span class='ocrx_word' id='word_1_164' title='bbox 1550 2306 1676 2355; x_wconf 75' lang='lat' dir='ltr'><strong>mais</strong></span> <span class='ocrx_word' id='word_1_165' title='bbox 1693 2321 1751 2355; x_wconf 84' lang='lat' dir='ltr'><strong>en</strong></span> <span class='ocrx_word' id='word_1_166' title='bbox 1775 2321 1869 2370; x_wconf 87' lang='lat' dir='ltr'><strong>peu</strong></span> <span class='ocrx_word' id='word_1_167' title='bbox 1897 2307 1956 2355; x_wconf 78' lang='lat' dir='ltr'><strong>de</strong></span> <span class='ocrx_word' id='word_1_168' title='bbox 1979 2314 2127 2356; x_wconf 78' lang='lat' dir='ltr'><strong>mota.</strong></span> <span class='ocrx_word' id='word_1_169' title='bbox 2153 2305 2243 2366; x_wconf 90' lang='lat' dir='ltr'><strong>Or,</strong></span> 
     </span>
     <span class='ocr_line' id='line_1_21' title="bbox 379 2400 2254 2468; baseline -0.004 -10"><span class='ocrx_word' id='word_1_170' title='bbox 379 2410 434 2461; x_wconf 75' lang='lat' dir='ltr'><strong>la</strong></span> <span class='ocrx_word' id='word_1_171' title='bbox 453 2409 661 2455; x_wconf 71' lang='lat' dir='ltr'><strong>brievete</strong></span> <span class='ocrx_word' id='word_1_172' title='bbox 695 2406 817 2454; x_wconf 81' lang='lat' dir='ltr'><strong>dans</strong></span> <span class='ocrx_word' id='word_1_173' title='bbox 844 2420 917 2455; x_wconf 86' lang='lat' dir='ltr'><strong>un</strong></span> <span class='ocrx_word' id='word_1_174' title='bbox 939 2404 1159 2453; x_wconf 75' lang='lat' dir='ltr'><strong>discours</strong></span> <span class='ocrx_word' id='word_1_175' title='bbox 1180 2410 1254 2452; x_wconf 78' lang='lat' dir='ltr'><strong>est</strong></span> <span class='ocrx_word' id='word_1_176' title='bbox 1278 2418 1345 2452; x_wconf 87' lang='lat' dir='ltr'><strong>un</strong></span> <span class='ocrx_word' id='word_1_177' title='bbox 1367 2403 1538 2451; x_wconf 68' lang='lat' dir='ltr'><strong>merite</strong></span> <span class='ocrx_word' id='word_1_178' title='bbox 1555 2401 1614 2449; x_wconf 85' lang='lat' dir='ltr'><strong>de</strong></span> <span class='ocrx_word' id='word_1_179' title='bbox 1631 2400 1779 2451; x_wconf 69' lang='lat' dir='ltr'><strong>detail</strong></span> <span class='ocrx_word' id='word_1_180' title='bbox 1801 2412 1816 2445; x_wconf 66' lang='grc' dir='ltr'><em>τ</em></span> <span class='ocrx_word' id='word_1_181' title='bbox 1836 2403 2090 2468; x_wconf 69' lang='lat' dir='ltr'><strong>appliquee</strong></span> <span class='ocrx_word' id='word_1_182' title='bbox 2109 2407 2140 2454; x_wconf 71' lang='grc' dir='ltr'><strong>ἐι</strong></span> <span class='ocrx_word' id='word_1_183' title='bbox 2160 2405 2254 2453; x_wconf 70' lang='lat' dir='ltr'><strong>l’e-</strong></span> 
     </span>
     <span class='ocr_line' id='line_1_22' title="bbox 379 2498 1625 2567; baseline -0.007 -14"><span class='ocrx_word' id='word_1_184' title='bbox 379 2503 616 2567; x_wconf 82' lang='lat' dir='ltr'><strong>loquence</strong></span> <span class='ocrx_word' id='word_1_185' title='bbox 635 2517 695 2551; x_wconf 85' lang='lat' dir='ltr'><strong>en</strong></span> <span class='ocrx_word' id='word_1_186' title='bbox 713 2498 936 2566; x_wconf 73' lang='lat' dir='ltr'><strong>general,</strong></span> <span class='ocrx_word' id='word_1_187' title='bbox 960 2512 1016 2548; x_wconf 86' lang='lat' dir='ltr'><strong>oe</strong></span> <span class='ocrx_word' id='word_1_188' title='bbox 1039 2499 1166 2547; x_wconf 83' lang='lat' dir='ltr'><strong>n’est</strong></span> <span class='ocrx_word' id='word_1_189' title='bbox 1182 2499 1323 2561; x_wconf 77' lang='lat' dir='ltr'><strong>point</strong></span> <span class='ocrx_word' id='word_1_190' title='bbox 1344 2512 1411 2544; x_wconf 84' lang='lat' dir='ltr'><strong>un</strong></span> <span class='ocrx_word' id='word_1_191' title='bbox 1435 2498 1625 2545; x_wconf 72' lang='lat' dir='ltr'><strong>merite.</strong></span> 
     </span>
    </p>

    <p class='ocr_par' dir='ltr' id='par_1_6' title="bbox 378 2592 2342 3436">
     <span class='ocr_line' id='line_1_23' title="bbox 448 2592 2252 2658; baseline 0 -12"><span class='ocrx_word' id='word_1_192' title='bbox 448 2598 575 2646; x_wconf 79' lang='lat' dir='ltr'><strong>Mais</strong></span> <span class='ocrx_word' id='word_1_193' title='bbox 598 2597 714 2646; x_wconf 80' lang='lat' dir='ltr'><strong>hors</strong></span> <span class='ocrx_word' id='word_1_194' title='bbox 737 2596 797 2644; x_wconf 87' lang='lat' dir='ltr'><strong>de</strong></span> <span class='ocrx_word' id='word_1_195' title='bbox 831 2594 884 2642; x_wconf 75' lang='lat' dir='ltr'><strong>la</strong></span> <span class='ocrx_word' id='word_1_196' title='bbox 913 2593 1068 2644; x_wconf 67' lang='lat' dir='ltr'><strong>Grboe</strong></span> <span class='ocrx_word' id='word_1_197' title='bbox 1100 2592 1399 2654; x_wconf 71' lang='lat' dir='ltr'><strong>l’eloquence</strong></span> <span class='ocrx_word' id='word_1_198' title='bbox 1434 2606 1466 2638; x_wconf 77' lang='lat' dir='ltr'><strong>a</strong></span> <span class='ocrx_word' id='word_1_199' title='bbox 1498 2607 1561 2640; x_wconf 79' lang='lat' dir='ltr'><strong>eu</strong></span> <span class='ocrx_word' id='word_1_200' title='bbox 1587 2592 1646 2641; x_wconf 89' lang='lat' dir='ltr'><strong>de</strong></span> <span class='ocrx_word' id='word_1_201' title='bbox 1668 2593 1792 2642; x_wconf 70' lang='lat'>:616⁸</span> <span class='ocrx_word' id='word_1_202' title='bbox 1818 2596 2081 2658; x_wconf 67' lang='lat' dir='ltr'><strong>pax-tisana,</strong></span> <span class='ocrx_word' id='word_1_203' title='bbox 2106 2605 2155 2645; x_wconf 82' lang='lat' dir='ltr'><strong>et</strong></span> <span class='ocrx_word' id='word_1_204' title='bbox 2176 2598 2252 2647; x_wconf 78' lang='lat' dir='ltr'><strong>les</strong></span> 
     </span>
     <span class='ocr_line' id='line_1_24' title="bbox 380 2686 2251 2756; baseline -0.001 -11"><span class='ocrx_word' id='word_1_205' title='bbox 380 2694 630 2745; x_wconf 79' lang='lat' dir='ltr'><strong>honneurs</strong></span> <span class='ocrx_word' id='word_1_206' title='bbox 659 2691 923 2756; x_wconf 60' lang='lat' dir='ltr'><strong>prodignae</strong></span> <span class='ocrx_word' id='word_1_207' title='bbox 943 2691 975 2737; x_wconf 67' lang='grc' dir='ltr'>ὀ</span> <span class='ocrx_word' id='word_1_208' title='bbox 999 2694 1074 2737; x_wconf 83' lang='lat' dir='ltr'><strong>oet</strong></span> <span class='ocrx_word' id='word_1_209' title='bbox 1087 2694 1164 2737; x_wconf 82' lang='lat' dir='ltr'><strong>art</strong></span> <span class='ocrx_word' id='word_1_210' title='bbox 1186 2695 1273 2735; x_wconf 88' lang='lat' dir='ltr'><strong>ont</strong></span> <span class='ocrx_word' id='word_1_211' title='bbox 1286 2686 1505 2750; x_wconf 73' lang='lat' dir='ltr'><strong>repanda</strong></span> <span class='ocrx_word' id='word_1_212' title='bbox 1530 2703 1615 2738; x_wconf 80' lang='lat' dir='ltr'><strong>sur</strong></span> <span class='ocrx_word' id='word_1_213' title='bbox 1638 2688 1684 2737; x_wconf 92' lang='grc'>10</span> <span class='ocrx_word' id='word_1_214' title='bbox 1707 2704 1822 2738; x_wconf 89' lang='lat' dir='ltr'><strong>nom</strong></span> <span class='ocrx_word' id='word_1_215' title='bbox 1843 2691 1925 2740; x_wconf 83' lang='lat' dir='ltr'><strong>des</strong></span> <span class='ocrx_word' id='word_1_216' title='bbox 1951 2700 2174 2743; x_wconf 78' lang='lat' dir='ltr'><strong>orateurs</strong></span> <span class='ocrx_word' id='word_1_217' title='bbox 2204 2696 2251 2743; x_wconf 89' lang='grc'>10</span> 
     </span>
     <span class='ocr_line' id='line_1_25' title="bbox 380 2783 2254 2856; baseline 0.002 -18"><span class='ocrx_word' id='word_1_218' title='bbox 380 2790 492 2856; x_wconf 81' lang='lat' dir='ltr'><strong>plus</strong></span> <span class='ocrx_word' id='word_1_219' title='bbox 511 2787 717 2836; x_wconf 74' lang='lat' dir='ltr'><strong>brillant</strong></span> <span class='ocrx_word' id='word_1_220' title='bbox 736 2785 880 2834; x_wconf 68' lang='lat' dir='ltr'><strong>eolat.</strong></span> <span class='ocrx_word' id='word_1_221' title='bbox 906 2783 1004 2834; x_wconf 74' lang='lat' dir='ltr'><strong>ear</strong></span> <span class='ocrx_word' id='word_1_222' title='bbox 1024 2783 1233 2832; x_wconf 68' lang='lat' dir='ltr'><strong>aussitot</strong></span> <span class='ocrx_word' id='word_1_223' title='bbox 1263 2798 1374 2846; x_wconf 83' lang='lat' dir='ltr'><strong>que,</strong></span> <span class='ocrx_word' id='word_1_224' title='bbox 1399 2785 1547 2834; x_wconf 78' lang='lat' dir='ltr'><strong>sortia</strong></span> <span class='ocrx_word' id='word_1_225' title='bbox 1566 2785 1634 2834; x_wconf 88' lang='lat' dir='ltr'><strong>du</strong></span> <span class='ocrx_word' id='word_1_226' title='bbox 1656 2785 1815 2847; x_wconf 59' lang='lat' dir='ltr'><strong>Pirae,</strong></span> <span class='ocrx_word' id='word_1_227' title='bbox 1850 2788 2149 2853; x_wconf 72' lang='lat' dir='ltr'><strong>l&#39;eloquenoe</strong></span> <span class='ocrx_word' id='word_1_228' title='bbox 2164 2800 2254 2842; x_wconf 76' lang='lat' dir='ltr'><strong>eut</strong></span> 
     </span>
     <span class='ocr_line' id='line_1_26' title="bbox 381 2879 2342 2952; baseline 0.001 -18"><span class='ocrx_word' id='word_1_229' title='bbox 381 2886 541 2951; x_wconf 72' lang='lat' dir='ltr'><strong>vogno</strong></span> <span class='ocrx_word' id='word_1_230' title='bbox 564 2899 670 2932; x_wconf 77' lang='lat' dir='ltr'><strong>vers</strong></span> <span class='ocrx_word' id='word_1_231' title='bbox 709 2881 926 2930; x_wconf 76' lang='lat' dir='ltr'><strong>d&#39;autres</strong></span> <span class='ocrx_word' id='word_1_232' title='bbox 948 2894 1087 2943; x_wconf 75' lang='lat' dir='ltr'><strong>pays,</strong></span> <span class='ocrx_word' id='word_1_233' title='bbox 1113 2879 1205 2927; x_wconf 90' lang='grc'>0110</span> <span class='ocrx_word' id='word_1_234' title='bbox 1241 2886 1505 2941; x_wconf 75' lang='lat' dir='ltr'><strong>parcourut</strong></span> <span class='ocrx_word' id='word_1_235' title='bbox 1526 2885 1685 2930; x_wconf 80' lang='lat' dir='ltr'><strong>tontes</strong></span> <span class='ocrx_word' id='word_1_236' title='bbox 1712 2881 1783 2930; x_wconf 82' lang='lat' dir='ltr'><strong>les</strong></span> <span class='ocrx_word' id='word_1_237' title='bbox 1807 2883 1917 2940; x_wconf 71' lang='lat' dir='ltr'><strong>iles.</strong></span> <span class='ocrx_word' id='word_1_238' title='bbox 1955 2891 2005 2933; x_wconf 84' lang='lat' dir='ltr'><strong>et</strong></span> <span class='ocrx_word' id='word_1_239' title='bbox 2028 2901 2253 2952; x_wconf 70' lang='lat' dir='ltr'><strong>voyagen</strong></span> <span class='ocrx_word' id='word_1_240' title='bbox 2340 2948 2342 2950; x_wconf 11' lang='lat' dir='ltr'><strong>q</strong></span> 
     </span>
     <span class='ocr_line' id='line_1_27' title="bbox 381 2975 2256 3043; baseline 0.001 -11"><span class='ocrx_word' id='word_1_241' title='bbox 381 2983 503 3032; x_wconf 75' lang='lat' dir='ltr'><strong>daus</strong></span> <span class='ocrx_word' id='word_1_242' title='bbox 527 2982 678 3029; x_wconf 79' lang='lat' dir='ltr'><strong>l’Asie</strong></span> <span class='ocrx_word' id='word_1_243' title='bbox 699 2979 901 3028; x_wconf 69' lang='lat' dir='ltr'><strong>entiere.</strong></span> <span class='ocrx_word' id='word_1_244' title='bbox 926 2975 1053 3027; x_wconf 76' lang='lat' dir='ltr'><strong>Mais</strong></span> <span class='ocrx_word' id='word_1_245' title='bbox 1075 2976 1122 3024; x_wconf 90' lang='lat' dir='ltr'><strong>le</strong></span> <span class='ocrx_word' id='word_1_246' title='bbox 1143 2975 1313 3040; x_wconf 82' lang='lat' dir='ltr'><strong>poison</strong></span> <span class='ocrx_word' id='word_1_247' title='bbox 1333 2976 1416 3024; x_wconf 84' lang='lat' dir='ltr'><strong>des</strong></span> <span class='ocrx_word' id='word_1_248' title='bbox 1436 2992 1619 3028; x_wconf 85' lang='lat' dir='ltr'><strong>moeurs</strong></span> <span class='ocrx_word' id='word_1_249' title='bbox 1636 2980 1916 3043; x_wconf 71' lang='lat' dir='ltr'><strong>etrangeree</strong></span> <span class='ocrx_word' id='word_1_250' title='bbox 1937 2982 2096 3030; x_wconf 68' lang='lat' dir='ltr'><strong>ultera</strong></span> <span class='ocrx_word' id='word_1_251' title='bbox 2116 2985 2256 3033; x_wconf 81' lang='lat' dir='ltr'><strong>bien-</strong></span> 
     </span>
     <span class='ocr_line' id='line_1_28' title="bbox 381 3050 2256 3143; baseline 0.001 -15"><span class='ocrx_word' id='word_1_252' title='bbox 381 3081 456 3129; x_wconf 72' lang='lat' dir='ltr'><strong>tot</strong></span> <span class='ocrx_word' id='word_1_253' title='bbox 487 3084 611 3127; x_wconf 82' lang='lat' dir='ltr'><strong>cette</strong></span> <span class='ocrx_word' id='word_1_254' title='bbox 632 3076 817 3125; x_wconf 88' lang='lat' dir='ltr'><strong>diction</strong></span> <span class='ocrx_word' id='word_1_255' title='bbox 835 3088 960 3137; x_wconf 84' lang='lat' dir='ltr'><strong>pure</strong></span> <span class='ocrx_word' id='word_1_256' title='bbox 986 3078 1035 3120; x_wconf 78' lang='lat' dir='ltr'><strong>et</strong></span> <span class='ocrx_word' id='word_1_257' title='bbox 1055 3071 1193 3120; x_wconf 67' lang='lat' dir='ltr'><strong>suine</strong></span> <span class='ocrx_word' id='word_1_258' title='bbox 1230 3072 1405 3135; x_wconf 85' lang='lat' dir='ltr'><strong>qu’elle</strong></span> <span class='ocrx_word' id='word_1_259' title='bbox 1427 3076 1557 3124; x_wconf 75' lang='lat' dir='ltr'><strong>avait</strong></span> <span class='ocrx_word' id='word_1_260' title='bbox 1580 3076 1804 3139; x_wconf 71' lang='lat' dir='ltr'><strong>appot-teo</strong></span> <span class='ocrx_word' id='word_1_261' title='bbox 1826 3076 1885 3125; x_wconf 89' lang='lat' dir='ltr'><strong>de</strong></span> <span class='ocrx_word' id='word_1_262' title='bbox 1908 3050 2182 3143; x_wconf 74' lang='lat' dir='ltr'><strong>l’Attique,¹</strong></span> <span class='ocrx_word' id='word_1_263' title='bbox 2200 3088 2256 3131; x_wconf 80' lang='lat' dir='ltr'><strong>ot</strong></span> 
     </span>
     <span class='ocr_line' id='line_1_29' title="bbox 378 3170 2249 3237; baseline 0.001 -11"><span class='ocrx_word' id='word_1_264' title='bbox 378 3178 475 3237; x_wconf 76' lang='lat' dir='ltr'><strong>elle</strong></span> <span class='ocrx_word' id='word_1_265' title='bbox 496 3175 667 3225; x_wconf 74' lang='lat' dir='ltr'><strong>oublia</strong></span> <span class='ocrx_word' id='word_1_266' title='bbox 698 3184 907 3236; x_wconf 75' lang='lat' dir='ltr'><strong>presque</strong></span> <span class='ocrx_word' id='word_1_267' title='bbox 929 3170 980 3219; x_wconf 77' lang='lat' dir='ltr'><strong>la</strong></span> <span class='ocrx_word' id='word_1_268' title='bbox 1012 3170 1194 3235; x_wconf 77' lang='lat' dir='ltr'><strong>langue</strong></span> <span class='ocrx_word' id='word_1_269' title='bbox 1223 3171 1525 3222; x_wconf 67' lang='lat' dir='ltr'><strong>mater-nelle.</strong></span> <span class='ocrx_word' id='word_1_270' title='bbox 1564 3170 1638 3221; x_wconf 84' lang='lat' dir='ltr'><strong>De</strong></span> <span class='ocrx_word' id='word_1_271' title='bbox 1678 3172 1730 3220; x_wconf 59' lang='lat' dir='ltr'><strong>la</strong></span> <span class='ocrx_word' id='word_1_272' title='bbox 1761 3174 2020 3235; x_wconf 69' lang='lat' dir='ltr'><strong>nequirent</strong></span> <span class='ocrx_word' id='word_1_273' title='bbox 2041 3176 2113 3225; x_wconf 79' lang='lat' dir='ltr'><strong>les</strong></span> <span class='ocrx_word' id='word_1_274' title='bbox 2133 3192 2249 3226; x_wconf 78' lang='lat' dir='ltr'><strong>ora·</strong></span> 
     </span>
     <span class='ocr_line' id='line_1_30' title="bbox 380 3265 2252 3335; baseline 0.001 -13"><span class='ocrx_word' id='word_1_275' title='bbox 380 3282 517 3326; x_wconf 78' lang='lat' dir='ltr'><strong>teurs</strong></span> <span class='ocrx_word' id='word_1_276' title='bbox 541 3270 822 3333; x_wconf 68' lang='lat' dir='ltr'><strong>Asiatiquea</strong></span> <span class='ocrx_word' id='word_1_277' title='bbox 866 3265 992 3317; x_wconf 83' lang='lat' dir='ltr'><strong>dont</strong></span> <span class='ocrx_word' id='word_1_278' title='bbox 1025 3266 1386 3332; x_wconf 75' lang='lat' dir='ltr'><strong>l&#39;imagination</strong></span> <span class='ocrx_word' id='word_1_279' title='bbox 1408 3278 1464 3319; x_wconf 71' lang='lat' dir='ltr'><strong>e&#39;z</strong></span> <span class='ocrx_word' id='word_1_280' title='bbox 1487 3266 1804 3318; x_wconf 77' lang='lat' dir='ltr'><strong>l’sbondanoe</strong></span> <span class='ocrx_word' id='word_1_281' title='bbox 1840 3282 1903 3317; x_wconf 83' lang='lat' dir='ltr'><strong>ne</strong></span> <span class='ocrx_word' id='word_1_282' title='bbox 1924 3277 2037 3319; x_wconf 85' lang='lat' dir='ltr'><strong>sont</strong></span> <span class='ocrx_word' id='word_1_283' title='bbox 2056 3275 2199 3335; x_wconf 85' lang='lat' dir='ltr'><strong>point</strong></span> <span class='ocrx_word' id='word_1_284' title='bbox 2218 3278 2252 3323; x_wconf 66' lang='grc' dir='ltr'>ὲ</span> 
     </span>
     <span class='ocr_line' id='line_1_31' title="bbox 381 3360 2294 3436; baseline 0.001 -15"><span class='ocrx_word' id='word_1_285' title='bbox 381 3371 633 3436; x_wconf 63' lang='lat' dir='ltr'><strong>mem-iser,</strong></span> <span class='ocrx_word' id='word_1_286' title='bbox 653 3366 780 3417; x_wconf 75' lang='lat' dir='ltr'><strong>maie</strong></span> <span class='ocrx_word' id='word_1_287' title='bbox 799 3364 925 3415; x_wconf 82' lang='lat' dir='ltr'><strong>dont</strong></span> <span class='ocrx_word' id='word_1_288' title='bbox 944 3364 991 3414; x_wconf 85' lang='lat' dir='ltr'><strong>le</strong></span> <span class='ocrx_word' id='word_1_289' title='bbox 1002 3364 1129 3427; x_wconf 68' lang='lat' dir='ltr'><strong>style</strong></span> <span class='ocrx_word' id='word_1_290' title='bbox 1150 3372 1299 3415; x_wconf 73' lang='lat' dir='ltr'><strong>estun</strong></span> <span class='ocrx_word' id='word_1_291' title='bbox 1312 3380 1407 3430; x_wconf 84' lang='lat' dir='ltr'><strong>peu</strong></span> <span class='ocrx_word' id='word_1_292' title='bbox 1425 3366 1566 3416; x_wconf 66' lang='grc'>180110</span> <span class='ocrx_word' id='word_1_293' title='bbox 1574 3371 1624 3415; x_wconf 83' lang='lat' dir='ltr'><strong>et</strong></span> <span class='ocrx_word' id='word_1_294' title='bbox 1641 3380 1709 3413; x_wconf 85' lang='lat' dir='ltr'><strong>un</strong></span> <span class='ocrx_word' id='word_1_295' title='bbox 1733 3378 1826 3429; x_wconf 82' lang='lat' dir='ltr'><strong>pen</strong></span> <span class='ocrx_word' id='word_1_296' title='bbox 1851 3364 2141 3419; x_wconf 81' lang='lat' dir='ltr'><strong>redondant.</strong></span> <span class='ocrx_word' id='word_1_297' title='bbox 2155 3371 2251 3422; x_wconf 78' lang='lat' dir='ltr'><strong>Lea</strong></span> <span class='ocrx_word' id='word_1_298' title='bbox 2289 3360 2294 3367; x_wconf 58' lang='grc'><em>’</em></span> 
     </span>
    </p>
   </div>
   <div class='ocr_carea' id='block_1_4' title="bbox 380 3461 2249 3533">
    <p class='ocr_par' dir='ltr' id='par_1_7' title="bbox 380 3461 2249 3533">
     <span class='ocr_line' id='line_1_32' title="bbox 380 3461 2249 3533; baseline -0.001 -13"><span class='ocrx_word' id='word_1_299' title='bbox 380 3467 630 3520; x_wconf 74' lang='lat' dir='ltr'><strong>Rhodiene</strong></span> <span class='ocrx_word' id='word_1_300' title='bbox 657 3471 768 3516; x_wconf 77' lang='lat' dir='ltr'><strong>sont</strong></span> <span class='ocrx_word' id='word_1_301' title='bbox 800 3462 916 3530; x_wconf 72' lang='lat' dir='ltr'><strong>plus</strong></span> <span class='ocrx_word' id='word_1_302' title='bbox 960 3476 1099 3528; x_wconf 79' lang='lat' dir='ltr'><strong>pure,</strong></span> <span class='ocrx_word' id='word_1_303' title='bbox 1130 3467 1179 3512; x_wconf 81' lang='lat' dir='ltr'><strong>et</strong></span> <span class='ocrx_word' id='word_1_304' title='bbox 1212 3464 1527 3514; x_wconf 72' lang='lat' dir='ltr'><strong>ressemblent</strong></span> <span class='ocrx_word' id='word_1_305' title='bbox 1563 3461 1836 3529; x_wconf 68' lang='lat' dir='ltr'><strong>davantage</strong></span> <span class='ocrx_word' id='word_1_306' title='bbox 1868 3477 1968 3515; x_wconf 75' lang='lat' dir='ltr'><strong>aux</strong></span> <span class='ocrx_word' id='word_1_307' title='bbox 1994 3467 2249 3533; x_wconf 70' lang='lat' dir='ltr'><strong>Attiquea.</strong></span> 
     </span>
    </p>
   </div>
  </div>
 </body>
</html>
