2592 4084
328 489 380 537 in
404 502 561 552 genus
585 489 803 535 alienum

327 554 547 616 ejusdem
566 554 779 601 nominis
799 570 812 609 ;

326 628 383 668 ut
409 622 453 667 si
475 635 568 682 ego
595 621 799 666 dicerem

325 702 407 734 me
440 701 544 733 esse
570 701 601 732 a
622 686 688 734 Μ’
713 684 895 740 Tullio,

326 753 415 814 qui
441 755 674 813 patricius
695 751 789 799 fuit
811 749 983 798 consul

327 834 443 866 oum
462 818 624 866 Servio
642 816 856 879 Sulpicio

327 898 463 931 auno
486 896 524 930 x
558 892 665 946 post
690 897 829 945 reges
854 887 1068 930 exactos.

325 949 586 998 Orationes
607 956 769 998 autem
793 948 994 997 Catonis

325 1030 428 1063 non
455 1021 571 1063 sunt
598 1015 697 1063 fere

327 1083 493 1128 minus
534 1083 702 1130 multae

327 1162 474 1209 quam
501 1147 662 1208 Lysiae
685 1149 869 1209 Attici3

328 1213 472 1276 eujus
506 1214 718 1262 arbitror

327 1281 566 1340 plurimas
599 1294 720 1329 esse.

327 1347 418 1394 Est
431 1347 560 1393 enim
590 1345 804 1409 Atticus,

327 1413 558 1473 quoniam
582 1422 708 1461 certe
729 1421 778 1461 et
811 1419 957 1461 natus
979 1421 1068 1473 est,

327 1484 377 1525 et
397 1487 619 1525 mortuus
637 1486 712 1527 est
733 1480 953 1538 Athenis,

327 1552 376 1589 et
408 1543 601 1590 functus

327 1610 464 1657 omni
485 1625 684 1657 munere
710 1611 889 1658 civium
914 1628 928 1658 z

328 1689 605 1737 quanquam
628 1676 842 1725 Timaeus

326 1744 502 1803 repetit
529 1757 638 1789 eum
664 1741 948 1803 Syracusas,

327 1807 471 1869 quasi
500 1808 610 1871 lege
651 1807 845 1857 Licinia

326 1883 376 1919 et
401 1873 580 1921 Mucia.

326 1938 391 1986 Et
410 1939 652 1986 nonnulla
674 1939 943 1989 similitudo

325 2012 401 2053 est
418 2004 631 2066 quodam
653 2005 796 2053 modo

322 2071 379 2118 in
407 2070 472 2117 iis
500 2072 645 2117 etiam

323 2137 459 2183 inter
484 2136 613 2197 ipsos
636 2153 648 2182 z

325 2208 444 2249 sunt
477 2203 627 2257 acuti,
656 2203 918 2265 elegantes,

324 2268 487 2323 faceti,
517 2268 718 2333 breves;

327 2333 411 2381 sed
433 2335 518 2381 ille
533 2333 737 2382 Graecus

325 2397 516 2447 felicior
544 2401 605 2447 ab
640 2401 774 2448 omni
808 2400 968 2450 laude.

324 2465 487 2513 Habet
505 2467 635 2514 enim

325 2531 565 2581 studiosos
583 2536 660 2580 sui
679 2538 855 2589 certos,

326 2599 408 2658 qui
445 2613 544 2645 non
569 2604 903 2646 consectentur
925 2605 1025 2646 tam

324 2661 524 2710 habitus
555 2666 771 2726 corporis
793 2665 980 2728 opimos

324 2742 474 2791 quam
497 2731 823 2792 gracilitatem

324 2810 448 2856 quos
468 2798 674 2845 tenuitas
687 2798 792 2859 ipsa
804 2796 1005 2844 delectet

325 2861 474 2908 modo
495 2861 714 2910 valetudo
735 2865 798 2910 sit
814 2863 966 2919 bona3

324 2943 603 2989 quanquam
628 2930 797 2976 lacerti
815 2930 961 2975 etiam

322 3002 442 3042 sunt
469 3009 593 3055 saepe
614 2995 665 3042 in
701 2995 865 3056 Lysia,

320 3060 397 3107 sic
417 3066 473 3108 ut
504 3061 633 3108 nihil
656 3062 806 3124 possit

323 3125 430 3172 fleri
450 3127 692 3174 valentius
710 3143 723 3185 3

322 3206 492 3239 verum
513 3200 586 3239 est
606 3192 861 3256 strigosIor

322 3265 455 3304 certe
474 3265 578 3306 toto
599 3273 803 3324 genere;

322 3323 411 3370 sed
430 3323 576 3372 habet
591 3332 754 3373 tamen

323 3403 440 3436 suos
462 3390 740 3439 laudatores

288 3451 293 3455 ’
324 3457 408 3516 qui
444 3457 689 3517 gaudeant
710 3455 971 3504 admodum

321 3520 416 3570 hac
439 3522 545 3585 ipsa
562 3523 832 3572 subtilitate
846 3522 968 3586 ejus.

606 3639 714 3679 BRU
721 3638 820 3678 TUS

1125 371 1393 418 BRUTUS.

1125 486 1250 534 dans
1282 502 1379 535 une
1405 487 1593 536 famille
1613 489 1866 553 etr-angere

1125 552 1193 600 du
1221 557 1373 600 meme
1387 569 1503 601 nom
1515 570 1530 616 3

1125 633 1315 666 comme
1336 620 1376 666 si
1398 619 1450 682 je
1472 619 1619 667 disais

1126 699 1218 746 que
1233 687 1284 747 Je
1316 684 1545 732 descends
1569 685 1627 732 de
1647 685 1711 732 Μ’
1740 683 1948 743 Tullius,

1125 751 1285 812 lequel
1309 751 1544 812 patricien
1570 751 1646 798 fut
1668 753 1839 799 consul

1126 829 1242 864 avec
1278 816 1477 864 Servius
1500 815 1741 879 Sulpicius

1125 882 1211 930 dix
1234 896 1325 929 ans
1347 885 1485 944 apres
1508 881 1578 929 les
1609 885 1708 929 rois
1733 883 1940 932 obesses.

1124 947 1253 996 Mais
1276 949 1346 995 les
1372 948 1590 996 discours
1613 948 1671 996 de
1694 949 1848 997 Caton

1125 1029 1188 1061 ne
1211 1023 1325 1061 sont
1348 1017 1498 1078 gnere
1670 1012 1674 1016 ’

1125 1082 1285 1128 moins
1309 1082 1582 1129 nombreux

1125 1161 1218 1207 que
1256 1162 1373 1194 ceum
1396 1147 1454 1194 de
1481 1147 1761 1197 l'Athenien
1787 1148 1957 1210 Lysias
1978 1168 1991 1208 ;

1124 1212 1243 1261 dont
1258 1214 1310 1273 je
1329 1228 1471 1274 pense

1125 1278 1184 1326 de
1207 1280 1601 1327 tres-nombreux
1622 1283 1824 1331 discours
1846 1284 1964 1328 etre.

1125 1343 1218 1393 Car
1244 1345 1280 1391 il
1307 1352 1380 1393 est
1401 1342 1660 1405 Athenien,

1124 1412 1329 1473 puisque
1352 1413 1652 1460 assurement
1676 1420 1724 1461 et
1749 1412 1786 1460 il
1805 1421 1876 1461 est
1897 1415 1959 1461 ne

1123 1483 1173 1523 et
1192 1477 1230 1524 il
1255 1487 1327 1524 est
1353 1488 1481 1525 mort
1503 1479 1534 1524 a
1552 1478 1780 1536 Athones,

1126 1549 1175 1589 et
1195 1542 1265 1604 s’y
1282 1551 1348 1591 est
1369 1545 1583 1605 acquitte

1127 1608 1184 1654 de
1203 1618 1316 1656 tous
1347 1610 1417 1656 les
1440 1609 1633 1657 devoirs
1658 1609 1740 1657 des
1776 1610 1991 1673 citoyens

1125 1674 1361 1735 bien-que
1388 1676 1551 1723 Timee

1125 1743 1322 1789 renvoie
1345 1742 1415 1788 lui
1450 1744 1480 1788 a
1505 1739 1759 1803 Syracuse,

1125 1820 1315 1853 comme
1334 1822 1420 1868 par
1443 1808 1493 1854 la
1516 1807 1584 1855 loi
1606 1806 1797 1855 Licinia

1125 1878 1174 1919 et
1194 1871 1373 1920 Mucia.

1126 1937 1191 1984 Et
1213 1939 1418 1999 quelque
1449 1939 1801 1987 ressemblunce

1127 2003 1280 2050 existe
1303 2019 1363 2050 en
1387 2006 1594 2066 quelque
1620 2004 1765 2069 facon

1126 2068 1242 2117 chez
1263 2070 1462 2118 ceux-ci
1486 2073 1640 2119 meme

1125 2143 1262 2184 entre
1282 2151 1379 2183 eux
1405 2153 1417 2182 ε

1125 2200 1188 2248 ils
1208 2211 1319 2249 sont
1341 2202 1451 2260 fins,
1477 2204 1713 2266 elegans,

1125 2267 1337 2329 enjoues,
1362 2269 1542 2331 precis;

1125 2337 1248 2380 mais
1271 2334 1317 2382 le
1352 2334 1477 2381 Grec

1123 2400 1234 2460 plus
1267 2399 1485 2448 heureux
1519 2414 1607 2462 par
1633 2405 1744 2447 tout
1763 2401 1950 2448 merite.

1122 2465 1218 2513 Car
1243 2466 1280 2512 il
1314 2480 1346 2512 a

1122 2531 1205 2578 des
1229 2530 1468 2595 partisans
1489 2530 1546 2578 de
1571 2530 1643 2579 lui
1669 2531 1974 2592 determines,

1122 2597 1207 2658 qui
1230 2612 1290 2644 ne
1314 2596 1632 2644 recherchent
1649 2613 1736 2660 pas
1753 2605 1860 2646 tant

1119 2663 1470 2725 l'embonpoint
1504 2663 1570 2710 du
1596 2677 1736 2726 corps

1122 2743 1215 2790 que
1247 2731 1318 2778 les
1337 2730 1751 2787 formes-sveltes3

1121 2810 1214 2857 que
1233 2792 1288 2843 la
1310 2796 1586 2844 delicatesse
1608 2799 1762 2844 meme
1785 2798 1999 2855 charme,

1120 2877 1312 2924 pourvu
1338 2877 1428 2923 que
1451 2862 1501 2908 la
1524 2865 1660 2909 sante
1679 2866 1774 2910 soit
1800 2863 1988 2922 bonne3

1122 2929 1329 2990 quoique
1351 2929 1433 2975 des
1459 2929 1665 2976 muscles
1688 2931 1819 2976 aussi

1123 2996 1279 3042 soient
1300 3002 1500 3041 souvent
1523 2995 1642 3041 dans
1661 2995 1850 3058 Lysias,

1121 3062 1152 3106 ὲ.
1179 3061 1244 3108 tel
1273 3061 1412 3122 point
1437 3076 1528 3122 que
1546 3063 1652 3109 rien
1675 3077 1737 3108 ne
1761 3070 1876 3125 peut

1119 3130 1218 3174 etre
1233 3126 1322 3173 fait
1342 3127 1450 3189 plus
1469 3128 1736 3189 vigoureux
1759 3143 1775 3191 ;

1120 3194 1242 3240 mais
1264 3194 1302 3238 il
1334 3201 1405 3239 est
1425 3202 1534 3255 trop
1553 3207 1633 3239 sec

1045 3286 1051 3292 ·
1120 3260 1422 3306 assurement
1445 3274 1505 3306 en
1532 3259 1762 3321 generem

1122 3325 1245 3372 mais
1267 3326 1304 3371 il
1327 3340 1358 3371 a
1391 3324 1662 3387 cependant

1123 3405 1197 3438 ses
1224 3390 1546 3437 admirateurs

1122 3459 1206 3517 qui
1235 3466 1346 3504 sont
1370 3456 1591 3503 charmes
1607 3454 1855 3518 beaucoup

1127 3522 1186 3570 de
1208 3530 1335 3570 cette
1360 3523 1622 3585 simplicite
1642 3526 1796 3571 meme
1819 3522 1876 3568 de
1905 3518 1997 3566 lui.

1861 3625 1890 3671 5
