2592 4084
504 344 593 402 «ιθ
1306 352 1564 398 saurus.

506 468 739 538 deinde,
769 467 918 539 quod
955 466 1277 521 Theodorus
1306 470 1454 521 esset
1478 466 1536 521 in
1556 469 1671 521 arte
1696 465 1971 537 subtilior,
2017 465 2076 520 in
2098 464 2364 521 orationi-

508 570 620 626 bus
650 572 837 623 autem
874 564 1140 637 jejunior,
1176 565 1456 621 orationes
1502 581 1630 620 eum
1673 564 1914 621 scribere
1948 563 2073 621 aliis
2104 564 2359 636 coepisse,

508 675 694 723 artem
732 665 1056 721 removisse.
1087 664 1351 720 Similiter
1371 668 1669 721 Isocratem
1698 663 1877 734 primo
1919 669 2098 720 artem
2133 662 2360 719 dicendi

507 786 640 827 esse
671 767 982 839 negavisse,
1023 766 1265 822 scribere
1297 772 1484 821 autem
1510 764 1634 822 aliis
1662 763 1884 820 solitum
1905 765 2206 837 orationes,
2234 765 2358 837 qui-

509 869 690 925 busin
705 866 932 939 judiciis
955 872 1242 924 uterentur
1271 884 1284 922 :
1311 866 1429 933 sed,
1461 881 1633 938 quum
1662 882 1726 921 ex
1746 882 1810 922 eo
1833 866 1987 939 (quia
2015 866 2176 939 quasi
2204 882 2361 922 com-

512 973 763 1027 mitteret
799 977 989 1025 contra
1031 970 1238 1041 legem,
1282 986 1392 1041 quo
1434 970 1559 1041 quis
1600 969 1806 1041 judicio
1847 970 2359 1038 circumveniretur)

507 1088 663 1144 soepe
693 1071 810 1142 ipse
840 1071 896 1124 in
933 1070 1204 1140 judicium
1240 1077 1555 1141 vocaretur,
1597 1070 1872 1127 orationes
1917 1070 2039 1126 aliis
2082 1071 2359 1126 destitisse

505 1173 778 1244 scribere,
807 1177 1098 1242 totumque
1141 1187 1201 1226 se
1256 1172 1324 1225 ad
1354 1176 1504 1227 artes
1537 1171 1947 1242 componendas
1977 1171 2351 1227 transtulisse.

583 1275 731 1328 XIII.
779 1276 843 1327 Et
888 1272 1109 1327 Graeciae
1163 1270 1400 1341 quidem
1436 1277 1716 1327 oratorum
1747 1277 1936 1343 partus
1976 1277 2141 1344 atque
2184 1271 2362 1326 fontes

507 1373 695 1443 videS,
739 1373 810 1428 ad
843 1380 1156 1428 nostrorum
1190 1373 1476 1427 annalium
1515 1372 1805 1437 rationem,
1835 1378 2087 1441 veteres;
2120 1373 2193 1427 ad
2218 1374 2361 1443 ipso-

508 1489 661 1543 rum,
691 1488 824 1529 sane
848 1478 1121 1528 recentes,
1159 1475 1296 1528 Nam
1337 1479 1630 1544 antequam
1657 1472 1927 1529 delectata
1953 1477 2038 1527 est
2059 1473 2360 1527 Athenien-

507 1574 664 1628 sium
708 1573 900 1631 civitas
941 1575 1046 1630 hac
1073 1574 1238 1629 laude
1265 1573 1505 1645 dicendi,
1550 1573 1725 1629 multa
1753 1573 1870 1646 jam
1899 1572 2286 1629 memorabilia
2308 1578 2364 1628 et

506 1674 576 1728 -in
603 1673 919 1731 domesticis
949 1680 1006 1729 et
1033 1674 1090 1729 in
1128 1673 1343 1730 bellicis
1373 1674 1539 1730 rebus
1575 1675 1852 1732 effecerat.
1892 1676 2007 1730 Hoc
2035 1680 2225 1730 autem
2252 1679 2364 1731 stu-

502 1774 671 1828 dium
698 1790 806 1829 non
831 1780 951 1829 erat
976 1789 1266 1830 commune
1293 1775 1538 1840 Graeciae,
1564 1775 1663 1832 sed
1686 1775 1970 1847 proprium
1994 1776 2357 1831 Athenarum.

503 1876 652 1942 Quis
678 1876 824 1932 enim
854 1881 952 1932 aut
977 1876 1242 1946 Argivum
1268 1880 1558 1942 oratorem,
1581 1879 1678 1930 aut
1700 1874 2064 1942 Corinthium,
2090 1881 2190 1930 aut
2216 1874 2363 1931 The·
2451 1892 2464 1899 ’

500 2131 663 2164 zanoe
691 2115 893 2163 donnait
931 2114 1013 2160 des
1037 2115 1276 2175 preceptes
1323 2114 1725 2177 tres-ingeniatus,
1758 2120 1808 2161 et
1837 2112 1999 2160 faisait
2032 2111 2116 2159 des
2146 2111 2363 2159 discours

412 2252 413 2255 ,
509 2212 748 2272 tres-sees,
774 2208 813 2256 il
840 2223 889 2255 se
911 2209 1001 2255 mit
1021 2209 1052 2254 ὲ,
1067 2209 1217 2254 ecrite
1242 2206 1322 2254 des
1349 2207 1565 2254 discours
1587 2222 1709 2269 pour
1736 2206 1806 2255 les
1830 2213 2010 2262 autres,
2027 2213 2075 2253 et
2098 2207 2366 2253 nial’exis-

510 2308 655 2349 tenco
680 2301 738 2348 de
763 2300 894 2348 l'art.
921 2300 1133 2349 Isocrate
1161 2299 1210 2346 la
1229 2300 1354 2346 nisit
1385 2298 1517 2345 aussi
1540 2297 1754 2356 d'abord,
1780 2305 1829 2346 et
1854 2297 2121 2360 composuit
2139 2298 2221 2343 des
2246 2297 2365 2358 plai-

509 2394 690 2455 doyers
741 2407 862 2455 pour
913 2406 1034 2439 ceux
1082 2392 1163 2454 qui
1195 2407 1253 2439 en
1290 2391 1483 2438 avaient
1520 2390 1717 2455 besoin3
1761 2389 1883 2437 maie
1913 2389 2081 2452 appele
2115 2390 2367 2437 lui-meme

507 2485 757 2547 plusieurs
785 2485 874 2532 fois
897 2499 955 2530 en
968 2484 1145 2544 justice
1165 2498 1287 2546 pour
1310 2483 1445 2530 avoir
1463 2481 1671 2528 enfreint
1692 2479 1743 2528 la
1755 2481 1823 2529 loi
1846 2481 1929 2542 qui
1950 2481 2196 2527 defendait
2218 2481 2367 2528 d’em·

513 2577 686 2638 pioyer
710 2592 870 2623 aucun
898 2575 1082 2623 artifice
1107 2575 1282 2623 devant
1320 2575 1392 2622 les
1418 2572 1698 2628 tribunaux,
1725 2573 1765 2619 il
1782 2585 1918 2620 cessa
1941 2572 2141 2620 d'eorire
2168 2587 2293 2634 pour
2324 2573 2369 2620 le

512 2670 743 2728 bai-teau,
770 2675 817 2715 et
835 2683 894 2714 ne
917 2683 1064 2730 pensa
1089 2668 1199 2730 plus
1224 2666 1337 2727 qu'a
1363 2664 1546 2712 donner
1573 2662 1654 2712 des
1675 2665 1915 2728 preceptes
1944 2672 1993 2714 et
2016 2664 2097 2712 des
2118 2666 2300 2728 regies.

584 2760 723 2810 xm.
761 2759 897 2808 Vous
914 2774 1063 2823 voyez
1086 2760 1157 2806 les
1179 2772 1374 2806 sources
1399 2756 1459 2804 de
1475 2756 1766 2819 l'eloquence
1788 2756 1909 2807 dans
1928 2758 1979 2806 la
1996 2757 2166 2817 Grece,
2188 2769 2234 2806 et
2248 2773 2368 2807 vous

508 2851 736 2906 assiste&
761 2864 885 2911 pour
913 2849 1038 2896 ainsi
1062 2848 1182 2905 dire,
1209 2850 1237 2894 ὲ,
1264 2847 1314 2894 le
1334 2847 1581 2895 naiesance
1600 2848 1680 2895 des
1702 2856 1919 2897 orateurs
1945 2865 1958 2895 ε
1986 2851 2238 2897 naissance
2260 2850 2372 2912 deja

514 2944 755 2990 ancienne
778 2956 864 3004 par
895 2950 1093 3003 rapport
1115 2942 1144 2987 ὲ.
1171 2947 1309 2988 notre
1332 2939 1657 3002 chronologie,
1687 2940 1924 2989 vraiment
1962 2944 2170 3000 recente,
2199 2944 2239 2990 si
2266 2944 2372 2991 I’on

513 3048 582 3081 en
603 3033 727 3095 juge
751 3046 836 3094 par
860 3031 980 3079 celle
1002 3030 1083 3078 des
1108 3030 1287 3087 Grece;
1313 3045 1394 3078 car
1420 3038 1568 3079 avant
1585 3029 1880 3092 qu'Athenes
1908 3033 1973 3080 fit
1996 3049 2073 3082 ses
2103 3034 2281 3082 delices
2312 3034 2373 3082 de

515 3139 576 3172 oe
597 3124 676 3171 bel
694 3130 771 3171 art
794 3122 853 3169 de
882 3121 933 3169 la
962 3123 1145 3184 parole,
1173 3121 1264 3169 elle
1301 3121 1461 3169 s’etait
1490 3120 1600 3184 deja
1630 3123 1845 3171 illustree
1883 3125 2017 3172 mille
2051 3126 2145 3173 fois
2182 3141 2271 3187 par
2296 3139 2373 3173 see

516 3226 687 3263 vertus
710 3215 978 3278 guerrietes
996 3224 1044 3261 et
1076 3213 1260 3261 civiles.
1289 3213 1376 3272 Or,
1399 3215 1443 3261 le
1470 3217 1592 3278 gout
1619 3214 1677 3263 de
1713 3215 2006 3278 l'eloquence
2039 3218 2208 3265 n’etait
2231 3218 2375 3280 point

511 3322 751 3355 commun
781 3309 813 3353 ὴ
836 3306 885 3354 la
907 3305 1059 3355 Grece
1090 3307 1296 3363 eutici-03
1341 3307 1503 3354 c'etait
1533 3323 1598 3355 un
1626 3307 1840 3355 heurenx
1861 3310 2068 3357 attribnt
2093 3310 2160 3357 du
2197 3311 2374 3373 peuple

520 3400 768 3449 athenien.
798 3392 894 3459 Qui
925 3406 1038 3461 peut
1074 3397 1193 3454 dire,
1225 3413 1286 3445 en
1310 3397 1435 3458 effet,
1474 3399 1593 3461 qu’il
1622 3401 1692 3447 ait
1723 3400 1874 3447 existe
1913 3399 2032 3448 dans
2054 3416 2109 3448 ce
2134 3403 2376 3464 temps-la

521 3508 596 3542 un
614 3500 808 3541 orateur
827 3491 1055 3554 d’Argos,
1095 3491 1153 3539 de
1177 3490 1414 3540 Corintho
1437 3506 1498 3541 ou
1534 3491 1592 3540 de
1606 3491 1827 3542 Thebes?
1851 3493 1892 3540 ei
1911 3506 1964 3540 ce
1986 3495 2109 3561 n’est
2129 3499 2373 3555 peut—etro
