2592 4084
408 322 433 376 l
445 324 519 377 20
1197 333 1435 378 BRUssl'US
1443 362 1458 377 .

400 449 519 497 erat
544 448 840 514 propterea
875 443 1108 513 gratior,
1143 444 1293 514 quod
1320 443 1471 497 idem
1496 458 1759 515 magnum
1795 459 1999 499 munus
2023 444 2095 498 de
2122 445 2249 515 jure

396 530 762 602 respondendi
791 529 1113 586 sustinebat.
1146 533 1287 587 Sunt
1322 532 1442 600 ejus
1481 531 1753 586 orationes
1791 530 2029 603 jejunae3
2075 533 2251 590 multa

396 620 668 691 praeclara
691 619 758 674 de
779 617 944 690 jure:
971 618 1165 673 doctus
1188 620 1292 689 vir,
1319 624 1375 675 et
1399 618 1601 674 Graecis
1624 618 1823 675 litteris
1841 619 2116 687 eruditae,
2146 623 2249 676 Pa·

396 706 544 762 naetii
569 705 806 778 auditor,
835 722 1009 777 prope
1034 707 1314 777 perfectus
1327 705 1389 761 in
1412 707 1635 775 Stoieis3
1661 723 1899 779 quorum
1923 713 2248 778 peracutum

397 801 453 850 et
479 795 613 851 artis
640 793 868 867 plenum
902 793 1166 850 orationis
1198 810 1400 866 genuS‚
1435 794 1545 850 seis
1571 799 1759 850 tamen
1790 812 1911 851 esse
1944 795 2108 867 exile,
2149 812 2249 853 nee

394 883 526 937 satis
552 881 806 953 populari
843 881 1149 938 assensioni
1182 880 1688 938 accommodatum.
1725 884 1924 953 Itaque
1963 881 2085 951 illa,
2128 897 2253 954 quae

394 968 615 1039 propria
643 974 728 1023 est
755 967 922 1039 hujus
961 967 1287 1038 disciplinae,
1313 966 1772 1039 philosophorum
1802 967 1869 1022 de
1906 984 1967 1023 se
1991 968 2245 1039 ipsorum

393 1054 598 1127 opinio,
633 1054 793 1111 firma
825 1057 883 1110 in
911 1054 1018 1110 hoe
1054 1071 1173 1111 vrro
1213 1060 1270 1109 et
1299 1054 1512 1109 stabilis
1547 1055 1772 1112 inventa
1800 1061 1907 1111 est.
1938 1056 2044 1122 Qui
2074 1072 2244 1127 quum

392 1143 871 1198 innocentissimus
900 1143 958 1197 in
981 1143 1249 1214 judicium
1276 1148 1506 1198 vocatus
1528 1149 1678 1198 esset
1703 1144 1835 1216 (quo
1855 1142 2073 1215 judicio
2105 1159 2241 1200 eon-

395 1231 609 1287 vulsam
640 1231 858 1302 penitus
882 1231 1093 1286 seimus
1120 1247 1244 1285 esse
1274 1230 1724 1300 rempublicam),
1755 1245 1929 1303 quum
1956 1237 2145 1286 essent
2179 1246 2249 1287 eo

391 1325 640 1391 tempore
669 1319 1107 1393 eloquentissimi
1130 1318 1235 1375 viri
1265 1321 1325 1373 L.
1358 1319 1589 1374 Crassus
1617 1324 1672 1374 et
1706 1321 1781 1373 M.
1817 1318 2085 1374 Antonius
2113 1334 2248 1375 eon-

391 1407 625 1478 sulareS,
674 1423 866 1462 eorum
914 1406 1181 1463 adhihere
1225 1411 1489 1462 neutrum
1534 1405 1760 1464 voluit:
1810 1407 1951 1461 dixit
1983 1408 2111 1476 ipse
2142 1423 2256 1478 pm

391 1512 540 1567 sese3
581 1501 636 1550 et
660 1511 836 1566 pauca
863 1497 923 1551 C.
954 1497 1140 1564 Cotta,
1163 1495 1320 1567 quod
1347 1494 1552 1550 sororis
1589 1501 1710 1549 erat
1747 1494 1914 1560 filius,
1949 1500 2005 1549 et
2033 1495 2081 1549 is
2118 1495 2248 1566 qui-

391 1582 517 1638 dem
567 1594 748 1638 tamen
803 1590 865 1638 ut
914 1588 1132 1651 orator3
1178 1598 1498 1656 quanquam
1562 1588 1681 1637 erat
1730 1582 2071 1638 adolescens,
2124 1583 2243 1640 Sed

388 1672 453 1738 Q.
494 1670 708 1726 Mucius
744 1670 1030 1728 enucleate
1063 1670 1161 1726 ille
1203 1670 1429 1742 quidem
1455 1676 1513 1724 et
1539 1668 1731 1741 polite,
1771 1674 1835 1724 ut
1866 1667 2103 1739 solebat,
2143 1686 2256 1728 ne·—

389 1773 667 1831 quaquam
692 1765 879 1814 autem
898 1775 968 1814 ea
998 1758 1054 1815 vi
1076 1764 1245 1830 atque
1268 1758 1452 1830 eopia,
1483 1774 1650 1829 quam
1678 1772 1854 1829 genus
1877 1755 2018 1811 illud
2043 1755 2247 1828 judieii

391 1850 446 1900 et
481 1846 802 1918 magnitudo
832 1863 1011 1902 causae
1050 1846 1385 1919 postulabat.
1428 1845 1707 1901 Habemus
1743 1843 1913 1916 igitur
1951 1844 2014 1899 in
2038 1845 2248 1902 Stoicis

389 2110 510 2172 qu'il
531 2109 650 2156 etait
668 2123 840 2156 encore
851 2108 1048 2156 l’oraele
1071 2107 1136 2154 du
1152 2107 1296 2167 droit,
1324 2123 1407 2155 sur
1421 2108 1581 2170 lequel
1602 2108 1639 2155 il
1658 2107 1866 2156 donnait
1894 2108 1951 2156 de
1974 2109 2252 2173 frequentes

389 2198 755 2248 consultations.
781 2199 864 2247 See
888 2199 1106 2248 discours
1143 2205 1230 2248 ont
1258 2198 1319 2248 de
1342 2199 1393 2246 h
1415 2197 1716 2257 seeheresseg
1757 2196 1865 2248 rien
1892 2199 1951 2248 de
1973 2202 2084 2264 plus
2118 2202 2244 2250 beau

390 2307 480 2355 que
502 2307 576 2340 ses
599 2307 839 2356 ouvrages
864 2292 923 2339 de
943 2291 1334 2354 jurisprudenee.
1368 2291 1413 2339 11
1432 2291 1550 2337 etait
1568 2298 1743 2338 savant
1773 2299 1822 2339 et
1843 2294 2090 2340 tres-verse
2116 2293 2240 2341 dm

389 2384 459 2430 les
483 2383 646 2432 lettres
667 2398 914 2446 grecqueS.
939 2382 1157 2445 Disciple
1185 2382 1243 2429 de
1268 2382 1519 2437 Panetius‚
1551 2381 1588 2429 il
1611 2382 1745 2429 avait
1767 2396 1973 2446 presque
1995 2383 2167 2431 atteint
2189 2384 2244 2434 ln

387 2475 648 2538 pei-fection
679 2474 798 2525 done
822 2476 868 2523 le
892 2474 1142 2539 genredes
1164 2474 1418 2531 Sto'ieiens,
1456 2472 1542 2534 qui
1573 2478 1667 2532 est,
1694 2487 1885 2520 comme
1922 2488 2044 2522 vous
2079 2488 2245 2534 sam,

388 2567 516 2629 plein
539 2567 666 2615 d’art
685 2574 733 2615 et
755 2567 813 2614 de
834 2565 1022 2624 finesse,
1046 2568 1171 2613 mais
1195 2580 1272 2614 see
1291 2574 1340 2614 et
1366 2579 1459 2628 peu
1488 2579 1661 2628 propre
1692 2567 1723 2612 ὲ
1739 2565 1867 2613 faire
1893 2566 1952 2613 de
1973 2566 2125 2614 l'effet
2151 2582 2236 2615 sur

388 2673 483 2706 une
501 2659 685 2720 grande
703 2659 979 2708 assemblee.
1004 2658 1047 2707 11
1072 2674 1103 2705 a
1120 2659 1291 2705 realise
1315 2657 1459 2705 l’idee
1484 2671 1577 2718 que
1600 2656 1670 2704 les
1691 2656 2001 2719 philosophas
2036 2657 2094 2705 de
2117 2665 2239 2708 cette

386 2752 519 2800 eoole
540 2759 626 2799 ont
648 2753 713 2800 du
732 2768 868 2816 sege,
894 2758 943 2799 et
975 2768 1004 2798 a
1037 2753 1235 2814 pmuve,
1263 2766 1352 2813 par
1380 2767 1469 2799 son
1492 2750 1726 2811 exemple,
1754 2751 1930 2813 qu’elle
1951 2750 2079 2797 n’est
2097 2754 2239 2812 point

387 2860 481 2892 une
503 2845 730 2893 chimera.
758 2845 851 2893 Mis
875 2845 1202 2910 enjugement
1227 2845 1417 2908 malgre
1438 2860 1495 2892 sa.
1515 2843 1721 2906 parfaite
1750 2844 2015 2892 innoeenee
2048 2845 2233 2907 (proces

389 2938 472 2998 qui
513 2937 797 2985 bonleverse
841 2952 1042 3000 presque
1082 2938 1137 2986 la
1175 2934 1504 2999 republique)‚
1543 2936 1580 2984 il
1618 2937 1817 2997 pouvait
1845 2935 2062 2998 charges
2095 2936 2155 2984 de
2183 2951 2242 2985 ea

389 3029 581 3078 defense
600 3029 726 3077 deux
750 3031 1047 3078 eonsulaires
1062 3032 1459 3094 tres-eloquente,
1485 3029 1541 3077 L.
1572 3029 1776 3078 Crassus
1793 3044 1857 3076 ou
1878 3030 1946 3076 M.
1970 3029 2235 3076 Antonius.

386 3122 430 3171 11
461 3138 521 3170 ne
541 3123 715 3171 voulut
737 3112 994 3171 s’adresser
1016 3125 1065 3170 ni
1085 3126 1115 3170 a
1134 3124 1164 3171 l’
1174 3140 1237 3170 un
1251 3126 1303 3170 ni
1323 3126 1354 3171 ὲ,
1373 3123 1574 3180 l’antr03
1598 3122 1635 3169 il
1659 3137 1710 3169 se
1728 3116 1946 3168 defendit
1965 3121 2237 3170 lui-meme.

389 3216 444 3265 C.
473 3217 630 3275 Cotta,
652 3230 740 3264 son
762 3231 932 3274 neven,
952 3223 1120 3277 ajouta
1143 3215 1374 3279 quelques
1395 3223 1541 3274 mots,
1565 3222 1633 3276 et,
1654 3214 1863 3277 quoique
1893 3213 1990 3262 fort
2013 3213 2177 3275 jenua,
2199 3214 2239 3261 il

386 3308 463 3356 fut
485 3309 725 3356 vraiment
746 3317 955 3356 orateur.
974 3309 1219 3373 L'augure
1240 3309 1433 3356 Mucius
1456 3307 1592 3371 parla
1615 3306 1748 3354 aussi
1769 3322 1883 3354 avec
1908 3321 1962 3354 sa
1987 3307 2165 3353 nettete
2191 3313 2244 3355 et.

387 3418 475 3452 son
499 3404 725 3465 eleganee
746 3405 1074 3460 secuntum,
1102 3404 1225 3451 maie
1258 3418 1356 3450 non
1391 3418 1505 3450 aveo
1545 3409 1666 3450 eette
1689 3403 1820 3448 force
1855 3410 1908 3448 et
1936 3407 2060 3448 cette
2082 3400 2253 3447 abon-

386 3494 538 3543 danee
554 3495 909 3559 qu‘exigeaient
926 3496 978 3543 la
1003 3503 1174 3543 nature
1206 3495 1271 3542 du
1296 3496 1462 3558 proces
1485 3500 1532 3541 et
1566 3494 1616 3541 la
1642 3492 1887 3556 grandeur
1922 3492 1979 3537 de
2001 3492 2052 3538 la
2074 3495 2242 3538 eause‘*
