2592 4084
412 323 488 379 86
1203 333 1469 380 BRUTUS.

405 449 514 507 lint
546 446 807 505 eumdem
838 445 1092 519 pluribus
1127 448 1297 505 rebus
1336 447 1624 507 excellere.
1663 452 1805 507 Nam
1839 456 1904 508 ut
1946 469 2015 509 ex
2055 452 2257 510 bellica

405 540 575 597 laude
619 537 906 610 adspirare
953 539 1022 594 ad
1073 539 1391 597 Africanum
1429 557 1593 598 nemo
1631 548 1832 614 potest,
1882 544 1940 599 in
1981 562 2091 618 qua
2134 546 2257 618 ipsa

407 631 698 705 egregium
720 629 982 686 Viriatico
1005 629 1154 687 bello
1176 632 1487 703 reperimus
1507 632 1679 690 fuisse
1701 634 1955 707 Laelium3
1988 636 2072 691 sic
2099 638 2257 710 inge-

406 725 506 793 nii,
532 723 862 795 litterarum,
904 723 1252 799 eloquentiae,
1279 727 1565 798 saplentiae
1592 727 1852 801 denique,
1888 730 1993 786 etsi
2030 731 2253 803 utrique

403 817 635 889 primas,
680 816 894 887 priores
929 823 1118 874 tamen
1156 817 1396 875 libenter
1431 820 1688 877 deferunt
1724 821 1909 878 Laelio.
1954 825 2070 879 Nec
2116 823 2256 878 mihi

406 912 717 964 ceterorum
752 906 961 979 judicio
1004 908 1184 964 solum
1210 906 1451 979 videtur,
1496 910 1595 965 sed
1629 911 1797 967 etiam
1833 912 2084 981 ipsorum
2113 914 2256 969 inter

402 1000 552 1072 ipsos
575 1015 843 1055 concessu
860 1000 936 1055 ita
963 999 1231 1057 tributum
1252 1001 1444 1057 fuisse.
1471 1005 1603 1058 Erat
1626 1005 1847 1059 omnino
1874 1010 1991 1059 tum
2022 1020 2166 1075 moS,
2192 1013 2256 1062 ut

401 1089 458 1144 in
481 1088 713 1162 reliquis
736 1089 902 1144 rebus
928 1087 1148 1157 melior,
1179 1089 1259 1145 sic
1284 1089 1341 1145 in
1368 1090 1474 1146 hoc
1498 1090 1617 1164 ipso
1635 1092 1947 1165 humanior,
1973 1099 2034 1149 ut
2059 1093 2255 1151 faciles

403 1187 587 1237 essent
610 1180 669 1235 in
693 1195 856 1236 suum
881 1180 1081 1253 cuique
1104 1181 1421 1238 tribuendo.

469 1277 634 1330 XXII.
677 1274 943 1331 Memoria
994 1279 1179 1347 teneo,
1229 1276 1479 1346 Smyrnae
1536 1292 1625 1332 me
1663 1293 1729 1333 ex
1763 1279 1827 1332 P.
1860 1277 2071 1333 Rutilio
2106 1279 2249 1335 Rufo

399 1362 645 1433 audisse,
690 1381 863 1439 quum
904 1366 1134 1434 diceret,
1175 1366 1592 1424 adolescentulo
1633 1384 1693 1425 se
1737 1369 2024 1441 accidisse,
2078 1375 2143 1426 ut
2182 1386 2251 1426 ex

397 1456 879 1514 senatusconsulto
913 1460 976 1514 P.
1011 1457 1193 1530 Scipio
1228 1464 1282 1514 et
1313 1462 1379 1514 D.
1416 1462 1617 1515 Brutus
1646 1461 1730 1530 (ut
1751 1459 1967 1532 opinor)
1991 1459 2249 1517 consules

397 1550 469 1606 de
493 1564 554 1604 re
584 1547 756 1604 atroci
792 1563 1105 1621 magnaque
1132 1555 1468 1621 quaererent.
1506 1552 1647 1607 Nam
1674 1565 1847 1623 quum
1869 1550 1928 1605 in
1959 1550 2104 1608 silva
2132 1540 2249 1609 Sila

393 1642 540 1705 facta
563 1640 744 1696 caedes
767 1645 933 1713 esset,
954 1641 1180 1715 notique
1204 1641 1458 1698 homines
1486 1642 1776 1715 interfecti,
1803 1642 2248 1699 insimularetur·

395 1750 504 1809 que
537 1732 769 1806 familia,
799 1733 1002 1805 partim
1034 1733 1202 1791 etiam
1246 1733 1434 1803 liberi,
1464 1733 1751 1791 societatis
1774 1734 1914 1807 eine,
1940 1742 2064 1807 quae
2093 1735 2244 1806 pica-

394 1830 505 1885 rias
559 1828 630 1885 de
674 1829 738 1883 Ρ.
778 1827 1057 1899 Cornelio,
1099 1829 1162 1883 L.
1206 1826 1474 1882 Mummio
1517 1825 1840 1882 censoribus
1890 1826 2243 1898 redemisset,

394 1918 706 1978 decrevisse
738 1924 1014 1990 senatum,
1053 1923 1115 1973 ut
1143 1918 1214 1974 de
1252 1932 1322 1973 ea
1348 1933 1409 1975 re
1436 1922 1830 1990 cognoscerent
1856 1924 1913 1974 et
1937 1923 2247 1974 statuerent

390 2134 589 2184 vieillis.
610 2134 738 2183 Mais
773 2147 838 2181 on
861 2131 1042 2179 n'aime
1070 2145 1160 2195 pas
1193 2131 1226 2179 ὲ
1253 2132 1363 2180 voir
1383 2131 1430 2181 le
1459 2134 1615 2181 meme
1644 2131 1841 2180 homme
1880 2133 2091 2181 excellet
2122 2132 2243 2183 dans

389 2215 634 2280 plusieurs
652 2222 826 2277 gentes
847 2214 879 2261 a
898 2212 948 2259 la
970 2212 1081 2259 fois.
1107 2210 1179 2260 La
1199 2211 1357 2275 gleire
1376 2211 1457 2259 des
1470 2226 1650 2273 armes,
1669 2213 1699 2259 a
1720 2212 1929 2273 laquelle
1946 2211 2109 2261 Lelius
2130 2214 2244 2263 s’est

389 2294 522 2341 aussi
553 2294 721 2356 aequis
754 2292 838 2340 des
873 2292 1014 2341 titres
1057 2291 1180 2340 dans
1216 2291 1271 2338 la
1309 2307 1485 2357 guerre
1522 2298 1691 2340 contre
1720 2292 1928 2352 viriste,
1960 2291 2155 2354 Scipion
2191 2296 2245 2344 la

387 2372 586 2435 possode
612 2388 725 2422 sans
747 2374 904 2431 rival;
932 2373 1053 2422 d’un
1076 2381 1214 2422 autre
1235 2375 1360 2433 cote,
1395 2389 1518 2437 pour
1550 2373 1597 2420 le
1628 2373 1787 2437 genie,
1815 2371 2119 2428 l’e'rudition‚
2138 2372 2237 2422 Γό-

387 2451 641 2515 loqueum,
662 2453 716 2505 la
736 2451 1053 2516 philosophie,
1080 2453 1123 2500 si
1148 2453 1248 2502 l'on
1284 2451 1487 2516 regar-de
1519 2466 1596 2499 ces
1634 2450 1763 2498 deux
1798 2449 2018 2498 hommes
2054 2466 2244 2501 comme

388 2531 459 2578 les
479 2532 710 2593 premiere
733 2533 817 2581 des
839 2532 1090 2591 Romains,
1120 2547 1183 2581 on
1216 2531 1424 2596 regards
1451 2529 1620 2579 Lelius
1641 2543 1831 2579 comme
1855 2530 1902 2577 le
1921 2530 2128 2592 premier
2158 2530 2244 2579 des

389 2609 534 2658 deux.
555 2612 623 2662 Et
642 2616 971 2674 eux-memes,
1009 2612 1232 2660 d’accord
1269 2625 1386 2659 avec
1420 2609 1658 2674 l’opinion
1692 2609 1942 2672 publique,
1974 2612 2244 2673 panis-ent

388 2690 526 2738 avoir
557 2690 651 2738 fait
670 2697 806 2740 entre
839 2705 935 2738 eux
955 2705 1010 2739 ce
1030 2698 1230 2755 par-tege
1254 2689 1313 2736 de
1335 2688 1511 2752 gleire.
1543 2690 1622 2738 En
1649 2689 1849 2752 general
1885 2688 2073 2752 l’esprit
2098 2690 2159 2736 de
2186 2704 2244 2739 ce

387 2775 543 2831 temps
565 2769 633 2828 la,
659 2769 885 2818 meilleur
904 2784 965 2818 en
987 2776 1094 2817 tout
1114 2769 1161 2816 le
1190 2777 1335 2825 reste,
1365 2767 1499 2815 avait
1519 2781 1693 2815 encore
1723 2768 1825 2816 ceci
1858 2767 1916 2815 de
1948 2768 2059 2832 plus
2087 2770 2238 2832 gene-

387 2861 528 2908 reux‘
549 2847 696 2910 qu’on
721 2846 894 2895 aimait
919 2849 951 2896 a
983 2861 1035 2895 se
1058 2846 1231 2894 rendre
1264 2845 1633 2893 mutnellement
1650 2845 1843 2907 justice.

453 2925 616 2976 xxn.
645 2926 749 2978 J’ai
766 2926 980 2975 entendu
1004 2924 1240 2974 autrefois
1257 2925 1316 2974 Ρ.
1340 2925 1555 2974 Rutilius
1572 2924 1731 2974 Rufus
1742 2934 1968 2974 raconter
1986 2927 2016 2973 a
2033 2925 2242 2986 Smyrna

388 3019 501 3068 que,
526 3004 649 3053 dans
670 3019 726 3054 sa
744 3003 983 3067 premiere
1007 3005 1246 3066 jeunesse‚
1274 3005 1346 3052 les
1370 3004 1566 3053 consuls
1593 3004 1651 3052 P.
1678 3003 1874 3068 Scipion
1897 3013 1945 3053 et
1968 3005 2030 3053 D.
2056 3005 2240 3054 Brutus

386 3081 555 3132 iurent
586 3082 794 3146 charges
826 3097 915 3146 par
949 3098 1018 3131 un
1045 3082 1494 3131 senatus-consulte
1519 3081 1806 3132 d’informer
1832 3099 1917 3131 sur
1946 3098 2045 3131 une
2068 3083 2240 3133 affaire

386 3161 661 3213 criminelle
690 3161 758 3211 du
780 3162 892 3225 plus
921 3161 1046 3210 haut
1080 3161 1270 3210 intes-et.
1307 3161 1348 3209 11
1370 3176 1406 3224 y
1423 3162 1557 3210 avait
1589 3176 1652 3210 eu
1682 3161 1805 3209 dans
1825 3162 1878 3210 la
1905 3162 2034 3210 foret
2055 3163 2113 3210 de
2136 3162 2239 3212 Sila

386 3258 455 3292 un
479 3256 727 3292 massacre
746 3244 813 3291 on
834 3242 1031 3291 avaient
1049 3241 1151 3304 peri
1173 3240 1255 3289 des
1277 3241 1496 3290 hommes
1528 3242 1587 3289 de
1616 3240 1899 3290 distinction
1928 3258 1942 3288 ε
1975 3257 2039 3289 on
2065 3257 2125 3290 en
2148 3257 2235 3291 ac-

385 3324 551 3372 cusait
589 3322 661 3372 les
702 3323 917 3372 esclaves
941 3330 991 3372 et
1026 3324 1183 3370 meme
1224 3323 1296 3369 les
1335 3320 1414 3370 fils
1448 3321 1532 3371 des
1566 3320 1775 3370 associes
1810 3323 1897 3385 qui
1928 3322 2122 3369 avaient
2153 3323 2236 3370 as-

387 3401 539 3451 ferme
578 3401 664 3451 des
710 3415 938 3451 censeurs
973 3400 1030 3450 P.
1060 3399 1316 3450 Cornelius
1347 3406 1396 3449 et
1427 3399 1484 3449 L.
1511 3400 1797 3456 Mummius,
1826 3400 2138 3464 l'entreprise
2173 3401 2232 3448 de

387 3479 439 3529 la
455 3482 587 3545 poix.
616 3481 687 3532 Le
717 3483 856 3531 senat
889 3495 1105 3545 renvoya
1143 3495 1243 3530 aux
1276 3482 1474 3530 consuls
1502 3480 1554 3529 la
1574 3480 1923 3529 connaissance
1944 3488 1993 3528 et
2017 3480 2064 3528 le
2078 3482 2235 3545 juge-

1030 3634 1150 3645 ,κα-..ο
