<?xml version="1.0" encoding="UTF-8"?>
<!DOCTYPE html PUBLIC "-//W3C//DTD XHTML 1.0 Transitional//EN"
    "http://www.w3.org/TR/xhtml1/DTD/xhtml1-transitional.dtd">
<html xmlns="http://www.w3.org/1999/xhtml" xml:lang="en" lang="en">
 <head>
  <title>
</title>
<meta http-equiv="Content-Type" content="text/html;charset=utf-8" />
  <meta name='ocr-system' content='tesseract 3.04.00' />
  <meta name='ocr-capabilities' content='ocr_page ocr_carea ocr_par ocr_line ocrx_word'/>
</head>
<body>
  <div class='ocr_page' id='page_1' title='image "./brutus03cicegoog/brutus03cicegoog_0239.png"; bbox 0 0 2592 4084; ppageno 0'>
   <div class='ocr_carea' id='block_1_1' title="bbox 1133 294 2177 377">
    <p class='ocr_par' dir='ltr' id='par_1_1' title="bbox 1133 294 2177 377">
     <span class='ocr_line' id='line_1_1' title="bbox 1133 294 2177 377; baseline -0.002 -27"><span class='ocrx_word' id='word_1_1' title='bbox 1133 305 1398 352; x_wconf 70' lang='lat' dir='ltr'>namus.</span> <span class='ocrx_word' id='word_1_2' title='bbox 1794 369 1800 377; x_wconf 90' lang='lat'>.</span> <span class='ocrx_word' id='word_1_3' title='bbox 2064 294 2177 356; x_wconf 75' lang='lat'>227</span> 
     </span>
    </p>
   </div>
   <div class='ocr_carea' id='block_1_2' title="bbox 262 424 2180 3457">
    <p class='ocr_par' dir='ltr' id='par_1_2' title="bbox 340 424 1931 1014">
     <span class='ocr_line' id='line_1_2' title="bbox 341 424 1931 485; baseline -0.001 -13"><span class='ocrx_word' id='word_1_4' title='bbox 341 426 549 473; x_wconf 80' lang='lat' dir='ltr'>relatum</span> <span class='ocrx_word' id='word_1_5' title='bbox 576 424 641 471; x_wconf 89' lang='lat' dir='ltr'>ad</span> <span class='ocrx_word' id='word_1_6' title='bbox 659 438 747 471; x_wconf 85' lang='lat' dir='ltr'>nos</span> <span class='ocrx_word' id='word_1_7' title='bbox 772 424 944 470; x_wconf 81' lang='lat' dir='ltr'>aliter:</span> <span class='ocrx_word' id='word_1_8' title='bbox 1135 430 1177 470; x_wconf 68' lang='lat' dir='ltr'>et</span> <span class='ocrx_word' id='word_1_9' title='bbox 1203 426 1424 485; x_wconf 76' lang='lat' dir='ltr'>rapporte</span> <span class='ocrx_word' id='word_1_10' title='bbox 1441 426 1470 470; x_wconf 75' lang='lat' dir='ltr'>a</span> <span class='ocrx_word' id='word_1_11' title='bbox 1495 441 1616 471; x_wconf 88' lang='lat' dir='ltr'>nous</span> <span class='ocrx_word' id='word_1_12' title='bbox 1642 430 1931 484; x_wconf 82' lang='lat' dir='ltr'>autrement,</span> 
     </span>
     <span class='ocr_line' id='line_1_3' title="bbox 343 488 1861 553; baseline 0.001 -17"><span class='ocrx_word' id='word_1_13' title='bbox 343 490 516 538; x_wconf 87' lang='lat' dir='ltr'>deiude</span> <span class='ocrx_word' id='word_1_14' title='bbox 536 490 925 552; x_wconf 82' lang='lat' dir='ltr'>interest-magni</span> <span class='ocrx_word' id='word_1_15' title='bbox 1134 488 1321 536; x_wconf 81' lang='lat' dir='ltr'>ensuite</span> <span class='ocrx_word' id='word_1_16' title='bbox 1340 489 1377 537; x_wconf 90' lang='lat' dir='ltr'>il</span> <span class='ocrx_word' id='word_1_17' title='bbox 1390 490 1594 552; x_wconf 83' lang='lat' dir='ltr'>importe</span> <span class='ocrx_word' id='word_1_18' title='bbox 1614 492 1861 553; x_wconf 79' lang='lat' dir='ltr'><strong>beaucoup</strong></span> 
     </span>
     <span class='ocr_line' id='line_1_4' title="bbox 340 555 1715 619; baseline 0.001 -16"><span class='ocrx_word' id='word_1_19' title='bbox 340 571 418 604; x_wconf 89' lang='lat' dir='ltr'>me</span> <span class='ocrx_word' id='word_1_20' title='bbox 437 557 604 603; x_wconf 78' lang='lat' dir='ltr'>videre</span> <span class='ocrx_word' id='word_1_21' title='bbox 625 570 809 612; x_wconf 89' lang='lat' dir='ltr'>coram,</span> <span class='ocrx_word' id='word_1_22' title='bbox 1133 555 1235 602; x_wconf 89' lang='lat' dir='ltr'>moi</span> <span class='ocrx_word' id='word_1_23' title='bbox 1254 556 1361 603; x_wconf 84' lang='lat' dir='ltr'>voir</span> <span class='ocrx_word' id='word_1_24' title='bbox 1385 555 1715 619; x_wconf 85' lang='lat' dir='ltr'>de-mes-yeux</span> 
     </span>
     <span class='ocr_line' id='line_1_5' title="bbox 341 620 1603 684; baseline 0.001 -15"><span class='ocrx_word' id='word_1_25' title='bbox 341 622 751 684; x_wconf 87' lang='lat' dir='ltr'>quemadmodum</span> <span class='ocrx_word' id='word_1_26' title='bbox 1136 620 1194 668; x_wconf 87' lang='lat' dir='ltr'>de</span> <span class='ocrx_word' id='word_1_27' title='bbox 1210 622 1371 683; x_wconf 89' lang='lat' dir='ltr'>quelle</span> <span class='ocrx_word' id='word_1_28' title='bbox 1391 620 1603 670; x_wconf 76' lang='lat' dir='ltr'>maniere</span> 
     </span>
     <span class='ocr_line' id='line_1_6' title="bbox 340 687 1443 736; baseline 0 -1"><span class='ocrx_word' id='word_1_29' title='bbox 340 690 648 736; x_wconf 85' lang='lat' dir='ltr'>adversarius</span> <span class='ocrx_word' id='word_1_30' title='bbox 1131 687 1443 736; x_wconf 85' lang='lat' dir='ltr'>l&#39;adversaire</span> 
     </span>
     <span class='ocr_line' id='line_1_7' title="bbox 341 752 1816 816; baseline 0.001 -15"><span class='ocrx_word' id='word_1_31' title='bbox 341 764 582 802; x_wconf 78' lang='lat' dir='ltr'>asseveret</span> <span class='ocrx_word' id='word_1_32' title='bbox 606 754 665 801; x_wconf 90' lang='lat' dir='ltr'>de</span> <span class='ocrx_word' id='word_1_33' title='bbox 685 767 874 816; x_wconf 83' lang='lat' dir='ltr'>quaque</span> <span class='ocrx_word' id='word_1_34' title='bbox 900 767 971 809; x_wconf 89' lang='lat' dir='ltr'>re,</span> <span class='ocrx_word' id='word_1_35' title='bbox 1130 752 1319 801; x_wconf 86' lang='lat' dir='ltr'>affirme</span> <span class='ocrx_word' id='word_1_36' title='bbox 1353 769 1437 801; x_wconf 89' lang='lat' dir='ltr'>sur</span> <span class='ocrx_word' id='word_1_37' title='bbox 1459 753 1643 816; x_wconf 78' lang='lat' dir='ltr'>chaque</span> <span class='ocrx_word' id='word_1_38' title='bbox 1658 755 1816 815; x_wconf 89' lang='lat' dir='ltr'>chose,</span> 
     </span>
     <span class='ocr_line' id='line_1_8' title="bbox 341 821 1471 871; baseline -0.001 -3"><span class='ocrx_word' id='word_1_39' title='bbox 341 822 556 871; x_wconf 78' lang='lat' dir='ltr'>maxime</span> <span class='ocrx_word' id='word_1_40' title='bbox 585 829 746 867; x_wconf 87' lang='lat' dir='ltr'>autem</span> <span class='ocrx_word' id='word_1_41' title='bbox 1129 821 1254 866; x_wconf 87' lang='lat' dir='ltr'>mais</span> <span class='ocrx_word' id='word_1_42' title='bbox 1277 828 1471 867; x_wconf 82' lang='lat' dir='ltr'>surtout</span> 
     </span>
     <span class='ocr_line' id='line_1_9' title="bbox 342 885 1617 949; baseline 0 -15"><span class='ocrx_word' id='word_1_43' title='bbox 342 886 750 949; x_wconf 79' lang='lat' dir='ltr'>quemadmodum</span> <span class='ocrx_word' id='word_1_44' title='bbox 1132 885 1190 932; x_wconf 90' lang='lat' dir='ltr'>de</span> <span class='ocrx_word' id='word_1_45' title='bbox 1213 888 1371 948; x_wconf 89' lang='lat' dir='ltr'>quelle</span> <span class='ocrx_word' id='word_1_46' title='bbox 1404 887 1617 934; x_wconf 80' lang='lat' dir='ltr'>maniere</span> 
     </span>
     <span class='ocr_line' id='line_1_10' title="bbox 344 951 1850 1014; baseline -0.001 -15"><span class='ocrx_word' id='word_1_47' title='bbox 344 968 549 1014; x_wconf 83' lang='lat' dir='ltr'>quaeque</span> <span class='ocrx_word' id='word_1_48' title='bbox 571 968 646 1000; x_wconf 88' lang='lat' dir='ltr'>res</span> <span class='ocrx_word' id='word_1_49' title='bbox 679 951 921 1000; x_wconf 79' lang='lat' dir='ltr'>audiatur.</span> <span class='ocrx_word' id='word_1_50' title='bbox 1131 951 1318 1014; x_wconf 79' lang='lat' dir='ltr'>chaque</span> <span class='ocrx_word' id='word_1_51' title='bbox 1350 953 1493 1000; x_wconf 82' lang='lat' dir='ltr'>chose</span> <span class='ocrx_word' id='word_1_52' title='bbox 1512 960 1585 1001; x_wconf 87' lang='lat' dir='ltr'>est</span> <span class='ocrx_word' id='word_1_53' title='bbox 1596 951 1850 999; x_wconf 85' lang='lat' dir='ltr'>entendue.</span> 
     </span>
    </p>

    <p class='ocr_par' dir='ltr' id='par_1_3' title="bbox 262 1017 2180 3457">
     <span class='ocr_line' id='line_1_11' title="bbox 262 1017 1834 1080; baseline -0.001 -14"><span class='ocrx_word' id='word_1_54' title='bbox 262 1042 265 1049; x_wconf 90' lang='lat'><em>·</em></span> <span class='ocrx_word' id='word_1_55' title='bbox 344 1018 439 1066; x_wconf 87' lang='lat' dir='ltr'>Sed</span> <span class='ocrx_word' id='word_1_56' title='bbox 463 1018 589 1065; x_wconf 88' lang='lat' dir='ltr'>nihil</span> <span class='ocrx_word' id='word_1_57' title='bbox 603 1018 825 1066; x_wconf 81' lang='lat' dir='ltr'>vitiosius</span> <span class='ocrx_word' id='word_1_58' title='bbox 1130 1017 1259 1065; x_wconf 86' lang='lat' dir='ltr'>Mais</span> <span class='ocrx_word' id='word_1_59' title='bbox 1288 1019 1392 1066; x_wconf 87' lang='lat' dir='ltr'>rien</span> <span class='ocrx_word' id='word_1_60' title='bbox 1414 1019 1470 1064; x_wconf 90' lang='lat' dir='ltr'>de</span> <span class='ocrx_word' id='word_1_61' title='bbox 1505 1019 1614 1080; x_wconf 89' lang='lat' dir='ltr'>plus</span> <span class='ocrx_word' id='word_1_62' title='bbox 1641 1018 1834 1065; x_wconf 77' lang='lat' dir='ltr'>vicieux</span> 
     </span>
     <span class='ocr_line' id='line_1_12' title="bbox 344 1084 1532 1146; baseline 0.002 -16"><span class='ocrx_word' id='word_1_63' title='bbox 344 1100 490 1146; x_wconf 84' lang='lat' dir='ltr'>quam</span> <span class='ocrx_word' id='word_1_64' title='bbox 515 1099 709 1132; x_wconf 84' lang='lat' dir='ltr'>causam</span> <span class='ocrx_word' id='word_1_65' title='bbox 1133 1099 1225 1145; x_wconf 88' lang='lat' dir='ltr'>que</span> <span class='ocrx_word' id='word_1_66' title='bbox 1247 1100 1343 1131; x_wconf 90' lang='lat' dir='ltr'>une</span> <span class='ocrx_word' id='word_1_67' title='bbox 1365 1084 1532 1132; x_wconf 80' lang='lat' dir='ltr'>affaire</span> 
     </span>
     <span class='ocr_line' id='line_1_13' title="bbox 345 1150 1653 1213; baseline -0.001 -16"><span class='ocrx_word' id='word_1_68' title='bbox 345 1152 479 1197; x_wconf 88' lang='lat' dir='ltr'>nasci</span> <span class='ocrx_word' id='word_1_69' title='bbox 496 1150 554 1197; x_wconf 88' lang='lat' dir='ltr'>de</span> <span class='ocrx_word' id='word_1_70' title='bbox 573 1152 779 1213; x_wconf 83' lang='lat' dir='ltr'>integro,</span> <span class='ocrx_word' id='word_1_71' title='bbox 1133 1155 1290 1197; x_wconf 75' lang='lat' dir='ltr'>naltre</span> <span class='ocrx_word' id='word_1_72' title='bbox 1326 1150 1383 1198; x_wconf 88' lang='lat' dir='ltr'>de</span> <span class='ocrx_word' id='word_1_73' title='bbox 1414 1166 1653 1205; x_wconf 82' lang='lat' dir='ltr'>nouveau,</span> 
     </span>
     <span class='ocr_line' id='line_1_14' title="bbox 346 1215 2177 1279; baseline -0.002 -16"><span class='ocrx_word' id='word_1_74' title='bbox 346 1231 496 1278; x_wconf 89' lang='lat' dir='ltr'>quum</span> <span class='ocrx_word' id='word_1_75' title='bbox 508 1226 724 1279; x_wconf 86' lang='lat' dir='ltr'>perorata</span> <span class='ocrx_word' id='word_1_76' title='bbox 743 1218 807 1264; x_wconf 81' lang='lat' dir='ltr'>sit</span> <span class='ocrx_word' id='word_1_77' title='bbox 824 1217 885 1263; x_wconf 89' lang='lat' dir='ltr'>ab</span> <span class='ocrx_word' id='word_1_78' title='bbox 903 1215 1075 1273; x_wconf 76' lang='lat' dir='ltr'>altero,</span> <span class='ocrx_word' id='word_1_79' title='bbox 1135 1217 1394 1279; x_wconf 71' lang='lat' dir='ltr'>apres-que</span> <span class='ocrx_word' id='word_1_80' title='bbox 1403 1217 1495 1264; x_wconf 82' lang='lat' dir='ltr'>elle</span> <span class='ocrx_word' id='word_1_81' title='bbox 1508 1218 1617 1263; x_wconf 76' lang='lat' dir='ltr'>aete</span> <span class='ocrx_word' id='word_1_82' title='bbox 1631 1215 1817 1278; x_wconf 75' lang='lat' dir='ltr'>plaidee</span> <span class='ocrx_word' id='word_1_83' title='bbox 1836 1229 1921 1278; x_wconf 85' lang='lat' dir='ltr'>par</span> <span class='ocrx_word' id='word_1_84' title='bbox 1939 1229 2008 1263; x_wconf 89' lang='lat' dir='ltr'>un</span> <span class='ocrx_word' id='word_1_85' title='bbox 2025 1216 2177 1269; x_wconf 78' lang='lat' dir='ltr'>autre,</span> 
     </span>
     <span class='ocr_line' id='line_1_15' title="bbox 345 1281 1722 1345; baseline 0.001 -16"><span class='ocrx_word' id='word_1_86' title='bbox 345 1298 494 1344; x_wconf 87' lang='lat' dir='ltr'>quum</span> <span class='ocrx_word' id='word_1_87' title='bbox 515 1298 667 1330; x_wconf 87' lang='lat' dir='ltr'>unum</span> <span class='ocrx_word' id='word_1_88' title='bbox 691 1298 864 1345; x_wconf 87' lang='lat' dir='ltr'>corpus</span> <span class='ocrx_word' id='word_1_89' title='bbox 1135 1283 1301 1344; x_wconf 86' lang='lat' dir='ltr'>quand</span> <span class='ocrx_word' id='word_1_90' title='bbox 1320 1298 1387 1329; x_wconf 90' lang='lat' dir='ltr'>un</span> <span class='ocrx_word' id='word_1_91' title='bbox 1411 1289 1517 1329; x_wconf 84' lang='lat' dir='ltr'>tout</span> <span class='ocrx_word' id='word_1_92' title='bbox 1541 1281 1722 1344; x_wconf 88' lang='lat' dir='ltr'>unique</span> 
     </span>
     <span class='ocr_line' id='line_1_16' title="bbox 346 1347 1746 1396; baseline 0 -1"><span class='ocrx_word' id='word_1_93' title='bbox 346 1350 513 1396; x_wconf 85' lang='lat' dir='ltr'>debeat</span> <span class='ocrx_word' id='word_1_94' title='bbox 538 1363 641 1396; x_wconf 85' lang='lat' dir='ltr'>esse</span> <span class='ocrx_word' id='word_1_95' title='bbox 662 1348 975 1396; x_wconf 84' lang='lat' dir='ltr'>defensionis.</span> <span class='ocrx_word' id='word_1_96' title='bbox 1136 1349 1238 1395; x_wconf 80' lang='lat' dir='ltr'>doit</span> <span class='ocrx_word' id='word_1_97' title='bbox 1255 1350 1355 1395; x_wconf 62' lang='lat' dir='ltr'>&amp;tre</span> <span class='ocrx_word' id='word_1_98' title='bbox 1383 1348 1439 1396; x_wconf 90' lang='lat' dir='ltr'>de</span> <span class='ocrx_word' id='word_1_99' title='bbox 1463 1348 1514 1395; x_wconf 85' lang='lat' dir='ltr'>la</span> <span class='ocrx_word' id='word_1_100' title='bbox 1538 1347 1746 1395; x_wconf 67' lang='lat' dir='ltr'>defense.</span> 
     </span>
     <span class='ocr_line' id='line_1_17' title="bbox 344 1414 1844 1475; baseline -0.003 -11"><span class='ocrx_word' id='word_1_101' title='bbox 344 1414 574 1464; x_wconf 89' lang='lat' dir='ltr'>Omnium</span> <span class='ocrx_word' id='word_1_102' title='bbox 600 1415 730 1462; x_wconf 90' lang='lat' dir='ltr'>enim</span> <span class='ocrx_word' id='word_1_103' title='bbox 741 1429 1000 1462; x_wconf 86' lang='lat' dir='ltr'>causarum</span> <span class='ocrx_word' id='word_1_104' title='bbox 1134 1415 1229 1461; x_wconf 89' lang='lat' dir='ltr'>Car</span> <span class='ocrx_word' id='word_1_105' title='bbox 1259 1429 1382 1475; x_wconf 85' lang='lat' dir='ltr'>pour</span> <span class='ocrx_word' id='word_1_106' title='bbox 1401 1423 1559 1462; x_wconf 78' lang='lat' dir='ltr'>tontes</span> <span class='ocrx_word' id='word_1_107' title='bbox 1580 1414 1652 1461; x_wconf 84' lang='lat' dir='ltr'>les</span> <span class='ocrx_word' id='word_1_108' title='bbox 1675 1427 1844 1461; x_wconf 85' lang='lat' dir='ltr'>causes</span> 
     </span>
     <span class='ocr_line' id='line_1_18' title="bbox 344 1480 1545 1543; baseline -0.001 -16"><span class='ocrx_word' id='word_1_109' title='bbox 344 1495 497 1528; x_wconf 84' lang='lat' dir='ltr'>unum</span> <span class='ocrx_word' id='word_1_110' title='bbox 516 1481 812 1543; x_wconf 89' lang='lat' dir='ltr'>principium</span> <span class='ocrx_word' id='word_1_111' title='bbox 1135 1480 1335 1526; x_wconf 67' lang='lat' dir='ltr'>uri-seul</span> <span class='ocrx_word' id='word_1_112' title='bbox 1368 1480 1545 1526; x_wconf 87' lang='lat' dir='ltr'>exorde</span> 
     </span>
     <span class='ocr_line' id='line_1_19' title="bbox 336 1545 1435 1607; baseline -0.003 -13"><span class='ocrx_word' id='word_1_113' title='bbox 336 1555 418 1594; x_wconf 75' lang='lat' dir='ltr'>est</span> <span class='ocrx_word' id='word_1_114' title='bbox 436 1548 679 1607; x_wconf 86' lang='lat' dir='ltr'>naturale,</span> <span class='ocrx_word' id='word_1_115' title='bbox 1133 1553 1205 1592; x_wconf 82' lang='lat' dir='ltr'>est</span> <span class='ocrx_word' id='word_1_116' title='bbox 1225 1545 1435 1605; x_wconf 80' lang='lat' dir='ltr'>natm-el,</span> 
     </span>
     <span class='ocr_line' id='line_1_20' title="bbox 345 1611 1691 1676; baseline -0.001 -16"><span class='ocrx_word' id='word_1_117' title='bbox 345 1627 444 1660; x_wconf 88' lang='lat' dir='ltr'>una</span> <span class='ocrx_word' id='word_1_118' title='bbox 467 1613 726 1676; x_wconf 82' lang='lat' dir='ltr'>peroratio;</span> <span class='ocrx_word' id='word_1_119' title='bbox 1135 1626 1228 1658; x_wconf 88' lang='lat' dir='ltr'>une</span> <span class='ocrx_word' id='word_1_120' title='bbox 1243 1611 1373 1658; x_wconf 88' lang='lat' dir='ltr'>seule</span> <span class='ocrx_word' id='word_1_121' title='bbox 1392 1611 1691 1674; x_wconf 77' lang='lat' dir='ltr'>peroraison3</span> 
     </span>
     <span class='ocr_line' id='line_1_21' title="bbox 344 1676 1606 1740; baseline -0.001 -15"><span class='ocrx_word' id='word_1_122' title='bbox 344 1678 546 1740; x_wconf 73' lang='lat' dir='ltr'>reliquae</span> <span class='ocrx_word' id='word_1_123' title='bbox 565 1689 739 1740; x_wconf 84' lang='lat' dir='ltr'>partes,</span> <span class='ocrx_word' id='word_1_124' title='bbox 1132 1676 1204 1723; x_wconf 84' lang='lat' dir='ltr'>les</span> <span class='ocrx_word' id='word_1_125' title='bbox 1227 1684 1389 1725; x_wconf 80' lang='lat' dir='ltr'>autres</span> <span class='ocrx_word' id='word_1_126' title='bbox 1411 1677 1606 1738; x_wconf 84' lang='lat' dir='ltr'>parties,</span> 
     </span>
     <span class='ocr_line' id='line_1_22' title="bbox 343 1742 1693 1806; baseline 0 -15"><span class='ocrx_word' id='word_1_127' title='bbox 343 1745 484 1806; x_wconf 69' lang='lat' dir='ltr'>qnasi</span> <span class='ocrx_word' id='word_1_128' title='bbox 506 1745 743 1802; x_wconf 86' lang='lat' dir='ltr'>membra,</span> <span class='ocrx_word' id='word_1_129' title='bbox 1134 1757 1321 1790; x_wconf 88' lang='lat' dir='ltr'>comme</span> <span class='ocrx_word' id='word_1_130' title='bbox 1341 1742 1422 1790; x_wconf 88' lang='lat' dir='ltr'>des</span> <span class='ocrx_word' id='word_1_131' title='bbox 1439 1744 1693 1800; x_wconf 88' lang='lat' dir='ltr'>membres,</span> 
     </span>
     <span class='ocr_line' id='line_1_23' title="bbox 341 1808 1813 1873; baseline -0.001 -15"><span class='ocrx_word' id='word_1_132' title='bbox 341 1810 503 1859; x_wconf 84' lang='lat' dir='ltr'>locata</span> <span class='ocrx_word' id='word_1_133' title='bbox 522 1825 724 1872; x_wconf 63' lang='lat' dir='ltr'>quaeque</span> <span class='ocrx_word' id='word_1_134' title='bbox 741 1825 828 1858; x_wconf 85' lang='lat' dir='ltr'>suo</span> <span class='ocrx_word' id='word_1_135' title='bbox 854 1810 979 1869; x_wconf 83' lang='lat' dir='ltr'>loco,</span> <span class='ocrx_word' id='word_1_136' title='bbox 1132 1808 1292 1872; x_wconf 77' lang='lat' dir='ltr'>places</span> <span class='ocrx_word' id='word_1_137' title='bbox 1312 1809 1500 1857; x_wconf 84' lang='lat' dir='ltr'>chacun</span> <span class='ocrx_word' id='word_1_138' title='bbox 1529 1811 1560 1857; x_wconf 73' lang='lat' dir='ltr'>a</span> <span class='ocrx_word' id='word_1_139' title='bbox 1582 1825 1637 1857; x_wconf 88' lang='lat' dir='ltr'>sa</span> <span class='ocrx_word' id='word_1_140' title='bbox 1660 1809 1813 1873; x_wconf 83' lang='lat' dir='ltr'>place,</span> 
     </span>
     <span class='ocr_line' id='line_1_24' title="bbox 343 1875 1695 1936; baseline 0 -13"><span class='ocrx_word' id='word_1_141' title='bbox 343 1883 510 1927; x_wconf 83' lang='lat' dir='ltr'>tenent</span> <span class='ocrx_word' id='word_1_142' title='bbox 525 1882 573 1922; x_wconf 82' lang='lat' dir='ltr'>et</span> <span class='ocrx_word' id='word_1_143' title='bbox 596 1890 735 1923; x_wconf 78' lang='lat' dir='ltr'>t-uam</span> <span class='ocrx_word' id='word_1_144' title='bbox 763 1877 861 1923; x_wconf 89' lang='lat' dir='ltr'>vim</span> <span class='ocrx_word' id='word_1_145' title='bbox 1133 1875 1340 1936; x_wconf 80' lang='lat' dir='ltr'>gardent</span> <span class='ocrx_word' id='word_1_146' title='bbox 1362 1884 1408 1922; x_wconf 89' lang='lat' dir='ltr'>et</span> <span class='ocrx_word' id='word_1_147' title='bbox 1428 1876 1535 1922; x_wconf 89' lang='lat' dir='ltr'>leur</span> <span class='ocrx_word' id='word_1_148' title='bbox 1563 1875 1695 1924; x_wconf 85' lang='lat' dir='ltr'>force</span> 
     </span>
     <span class='ocr_line' id='line_1_25' title="bbox 342 1940 1519 2003; baseline -0.002 -14"><span class='ocrx_word' id='word_1_149' title='bbox 342 1949 393 1989; x_wconf 83' lang='lat' dir='ltr'>et</span> <span class='ocrx_word' id='word_1_150' title='bbox 422 1941 730 2003; x_wconf 79' lang='lat' dir='ltr'>dignitatem.</span> <span class='ocrx_word' id='word_1_151' title='bbox 1133 1947 1182 1987; x_wconf 81' lang='lat' dir='ltr'>et</span> <span class='ocrx_word' id='word_1_152' title='bbox 1203 1945 1301 1988; x_wconf 77' lang='lat' dir='ltr'>lem·</span> <span class='ocrx_word' id='word_1_153' title='bbox 1316 1940 1519 2003; x_wconf 67' lang='lat' dir='ltr'>dignito.</span> 
     </span>
     <span class='ocr_line' id='line_1_26' title="bbox 343 2004 1809 2067; baseline 0.001 -13"><span class='ocrx_word' id='word_1_154' title='bbox 343 2006 511 2067; x_wconf 84' lang='lat' dir='ltr'>Quum</span> <span class='ocrx_word' id='word_1_155' title='bbox 536 2014 698 2053; x_wconf 88' lang='lat' dir='ltr'>autem</span> <span class='ocrx_word' id='word_1_156' title='bbox 708 2007 773 2055; x_wconf 82' lang='lat' dir='ltr'>sit</span> <span class='ocrx_word' id='word_1_157' title='bbox 795 2005 993 2054; x_wconf 86' lang='lat' dir='ltr'>difficile</span> <span class='ocrx_word' id='word_1_158' title='bbox 1135 2004 1220 2064; x_wconf 82' lang='lat' dir='ltr'>Or,</span> <span class='ocrx_word' id='word_1_159' title='bbox 1244 2022 1430 2054; x_wconf 90' lang='lat' dir='ltr'>comme</span> <span class='ocrx_word' id='word_1_160' title='bbox 1456 2007 1495 2054; x_wconf 90' lang='lat' dir='ltr'>il</span> <span class='ocrx_word' id='word_1_161' title='bbox 1519 2017 1592 2054; x_wconf 86' lang='lat' dir='ltr'>est</span> <span class='ocrx_word' id='word_1_162' title='bbox 1611 2007 1809 2055; x_wconf 76' lang='lat' dir='ltr'>difficile</span> 
     </span>
     <span class='ocr_line' id='line_1_27' title="bbox 340 2071 1758 2135; baseline 0.002 -17"><span class='ocrx_word' id='word_1_163' title='bbox 340 2074 399 2119; x_wconf 82' lang='lat' dir='ltr'>in</span> <span class='ocrx_word' id='word_1_164' title='bbox 427 2071 582 2134; x_wconf 85' lang='lat' dir='ltr'>longa</span> <span class='ocrx_word' id='word_1_165' title='bbox 606 2074 847 2133; x_wconf 86' lang='lat' dir='ltr'>oratione,</span> <span class='ocrx_word' id='word_1_166' title='bbox 1134 2071 1254 2119; x_wconf 87' lang='lat' dir='ltr'>dans</span> <span class='ocrx_word' id='word_1_167' title='bbox 1275 2088 1343 2120; x_wconf 93' lang='lat' dir='ltr'>un</span> <span class='ocrx_word' id='word_1_168' title='bbox 1378 2073 1496 2135; x_wconf 81' lang='lat' dir='ltr'>long</span> <span class='ocrx_word' id='word_1_169' title='bbox 1522 2072 1758 2132; x_wconf 76' lang='lat' dir='ltr'>discours,</span> 
     </span>
     <span class='ocr_line' id='line_1_28' title="bbox 342 2136 1731 2201; baseline 0.001 -16"><span class='ocrx_word' id='word_1_170' title='bbox 342 2152 446 2186; x_wconf 87' lang='lat' dir='ltr'>non</span> <span class='ocrx_word' id='word_1_171' title='bbox 470 2138 627 2184; x_wconf 82' lang='lat' dir='ltr'>dicere</span> <span class='ocrx_word' id='word_1_172' title='bbox 648 2138 910 2200; x_wconf 87' lang='lat' dir='ltr'>aliquando</span> <span class='ocrx_word' id='word_1_173' title='bbox 1131 2136 1190 2185; x_wconf 90' lang='lat' dir='ltr'>de</span> <span class='ocrx_word' id='word_1_174' title='bbox 1212 2153 1390 2201; x_wconf 86' lang='lat' dir='ltr'>ne-pas</span> <span class='ocrx_word' id='word_1_175' title='bbox 1415 2140 1517 2188; x_wconf 86' lang='lat' dir='ltr'>dire</span> <span class='ocrx_word' id='word_1_176' title='bbox 1549 2140 1731 2201; x_wconf 77' lang='lat' dir='ltr'>parfois</span> 
     </span>
     <span class='ocr_line' id='line_1_29' title="bbox 340 2203 1888 2266; baseline 0 -14"><span class='ocrx_word' id='word_1_177' title='bbox 340 2203 531 2265; x_wconf 80' lang='lat' dir='ltr'>aliquid</span> <span class='ocrx_word' id='word_1_178' title='bbox 558 2204 629 2251; x_wconf 90' lang='lat' dir='ltr'>ita</span> <span class='ocrx_word' id='word_1_179' title='bbox 1131 2205 1339 2266; x_wconf 85' lang='lat' dir='ltr'>quelque</span> <span class='ocrx_word' id='word_1_180' title='bbox 1364 2205 1505 2252; x_wconf 86' lang='lat' dir='ltr'>chose</span> <span class='ocrx_word' id='word_1_181' title='bbox 1534 2205 1888 2254; x_wconf 72' lang='lat' dir='ltr'>‹ie-telle-sorte</span> 
     </span>
     <span class='ocr_line' id='line_1_30' title="bbox 341 2270 2180 2333; baseline 0 -15"><span class='ocrx_word' id='word_1_182' title='bbox 341 2276 399 2318; x_wconf 86' lang='lat' dir='ltr'>ut</span> <span class='ocrx_word' id='word_1_183' title='bbox 420 2271 521 2333; x_wconf 88' lang='lat' dir='ltr'>ipse</span> <span class='ocrx_word' id='word_1_184' title='bbox 543 2285 639 2315; x_wconf 88' lang='lat' dir='ltr'>non</span> <span class='ocrx_word' id='word_1_185' title='bbox 671 2271 925 2333; x_wconf 69' lang='lat' dir='ltr'>conveniat</span> <span class='ocrx_word' id='word_1_186' title='bbox 949 2271 1072 2331; x_wconf 81' lang='lat' dir='ltr'>sibi3</span> <span class='ocrx_word' id='word_1_187' title='bbox 1133 2284 1226 2332; x_wconf 90' lang='lat' dir='ltr'>que</span> <span class='ocrx_word' id='word_1_188' title='bbox 1244 2271 1496 2318; x_wconf 76' lang='lat' dir='ltr'>lui-meme</span> <span class='ocrx_word' id='word_1_189' title='bbox 1513 2286 1576 2321; x_wconf 85' lang='lat' dir='ltr'>ne</span> <span class='ocrx_word' id='word_1_190' title='bbox 1586 2270 1828 2319; x_wconf 87' lang='lat' dir='ltr'>s’accorde</span> <span class='ocrx_word' id='word_1_191' title='bbox 1840 2284 1927 2333; x_wconf 80' lang='lat' dir='ltr'>paa</span> <span class='ocrx_word' id='word_1_192' title='bbox 1943 2285 2058 2320; x_wconf 85' lang='lat' dir='ltr'>avec</span> <span class='ocrx_word' id='word_1_193' title='bbox 2081 2270 2180 2328; x_wconf 59' lang='grc' dir='ltr'>Βοὴ</span> 
     </span>
     <span class='ocr_line' id='line_1_31' title="bbox 341 2335 1857 2399; baseline 0.001 -17"><span class='ocrx_word' id='word_1_194' title='bbox 341 2346 526 2398; x_wconf 87' lang='lat' dir='ltr'>quanto</span> <span class='ocrx_word' id='word_1_195' title='bbox 553 2335 820 2395; x_wconf 75' lang='lat' dir='ltr'>difficilius,</span> <span class='ocrx_word' id='word_1_196' title='bbox 1133 2336 1357 2384; x_wconf 87' lang='lat' dir='ltr'>combien</span> <span class='ocrx_word' id='word_1_197' title='bbox 1378 2340 1413 2384; x_wconf 79' lang='lat' dir='ltr'>il</span> <span class='ocrx_word' id='word_1_198' title='bbox 1439 2345 1503 2383; x_wconf 76' lang='lat' dir='ltr'>est</span> <span class='ocrx_word' id='word_1_199' title='bbox 1524 2338 1633 2399; x_wconf 83' lang='lat' dir='ltr'>plus</span> <span class='ocrx_word' id='word_1_200' title='bbox 1657 2336 1857 2384; x_wconf 83' lang='lat' dir='ltr'>difficile</span> 
     </span>
     <span class='ocr_line' id='line_1_32' title="bbox 340 2402 1607 2464; baseline 0.001 -15"><span class='ocrx_word' id='word_1_201' title='bbox 340 2417 509 2450; x_wconf 79' lang='lat' dir='ltr'>cavere</span> <span class='ocrx_word' id='word_1_202' title='bbox 1135 2402 1192 2450; x_wconf 90' lang='lat' dir='ltr'>de</span> <span class='ocrx_word' id='word_1_203' title='bbox 1220 2402 1607 2464; x_wconf 82' lang='lat' dir='ltr'>prendre-garde</span> 
     </span>
     <span class='ocr_line' id='line_1_33' title="bbox 340 2467 1852 2531; baseline 0 -14"><span class='ocrx_word' id='word_1_204' title='bbox 340 2482 402 2517; x_wconf 88' lang='lat' dir='ltr'>ne</span> <span class='ocrx_word' id='word_1_205' title='bbox 424 2467 557 2516; x_wconf 85' lang='lat' dir='ltr'>dicas</span> <span class='ocrx_word' id='word_1_206' title='bbox 580 2468 699 2530; x_wconf 89' lang='lat' dir='ltr'>quid</span> <span class='ocrx_word' id='word_1_207' title='bbox 1134 2483 1227 2531; x_wconf 89' lang='lat' dir='ltr'>que</span> <span class='ocrx_word' id='word_1_208' title='bbox 1268 2476 1325 2516; x_wconf 85' lang='lat' dir='ltr'>tu</span> <span class='ocrx_word' id='word_1_209' title='bbox 1349 2483 1411 2516; x_wconf 91' lang='lat' dir='ltr'>ne</span> <span class='ocrx_word' id='word_1_210' title='bbox 1434 2467 1560 2517; x_wconf 76' lang='lat' dir='ltr'>disee</span> <span class='ocrx_word' id='word_1_211' title='bbox 1584 2467 1852 2517; x_wconf 82' lang='lat' dir='ltr'>une-choee</span> 
     </span>
     <span class='ocr_line' id='line_1_34' title="bbox 341 2533 1818 2598; baseline 0 -16"><span class='ocrx_word' id='word_1_212' title='bbox 341 2533 470 2595; x_wconf 88' lang='lat' dir='ltr'>quod</span> <span class='ocrx_word' id='word_1_213' title='bbox 490 2549 589 2582; x_wconf 91' lang='lat' dir='ltr'>non</span> <span class='ocrx_word' id='word_1_214' title='bbox 622 2536 881 2584; x_wconf 82' lang='lat' dir='ltr'>conveniat</span> <span class='ocrx_word' id='word_1_215' title='bbox 1135 2535 1347 2598; x_wconf 80' lang='lat' dir='ltr'>laquelle</span> <span class='ocrx_word' id='word_1_216' title='bbox 1370 2549 1431 2582; x_wconf 87' lang='lat' dir='ltr'>ne</span> <span class='ocrx_word' id='word_1_217' title='bbox 1469 2534 1709 2584; x_wconf 85' lang='lat' dir='ltr'>s’accorde</span> <span class='ocrx_word' id='word_1_218' title='bbox 1732 2548 1818 2597; x_wconf 76' lang='lat' dir='ltr'>pas</span> 
     </span>
     <span class='ocr_line' id='line_1_35' title="bbox 340 2599 1783 2662; baseline -0.001 -15"><span class='ocrx_word' id='word_1_219' title='bbox 340 2600 544 2649; x_wconf 79' lang='lat' dir='ltr'>orationi</span> <span class='ocrx_word' id='word_1_220' title='bbox 588 2601 695 2662; x_wconf 86' lang='lat' dir='ltr'>ejus</span> <span class='ocrx_word' id='word_1_221' title='bbox 1134 2615 1251 2650; x_wconf 85' lang='lat' dir='ltr'>avec</span> <span class='ocrx_word' id='word_1_222' title='bbox 1270 2600 1318 2650; x_wconf 89' lang='lat' dir='ltr'>le</span> <span class='ocrx_word' id='word_1_223' title='bbox 1342 2600 1560 2650; x_wconf 85' lang='lat' dir='ltr'>discours</span> <span class='ocrx_word' id='word_1_224' title='bbox 1581 2600 1639 2649; x_wconf 90' lang='lat' dir='ltr'>de</span> <span class='ocrx_word' id='word_1_225' title='bbox 1658 2599 1783 2648; x_wconf 86' lang='lat' dir='ltr'>celui</span> 
     </span>
     <span class='ocr_line' id='line_1_36' title="bbox 341 2663 1819 2729; baseline 0 -16"><span class='ocrx_word' id='word_1_226' title='bbox 341 2667 426 2726; x_wconf 88' lang='lat' dir='ltr'>qui</span> <span class='ocrx_word' id='word_1_227' title='bbox 448 2665 628 2714; x_wconf 85' lang='lat' dir='ltr'>dixerit</span> <span class='ocrx_word' id='word_1_228' title='bbox 648 2673 759 2715; x_wconf 83' lang='lat' dir='ltr'>ante</span> <span class='ocrx_word' id='word_1_229' title='bbox 782 2665 871 2716; x_wconf 74' lang='lat' dir='ltr'>te?</span> <span class='ocrx_word' id='word_1_230' title='bbox 1133 2669 1215 2728; x_wconf 86' lang='lat' dir='ltr'>qui</span> <span class='ocrx_word' id='word_1_231' title='bbox 1239 2681 1361 2715; x_wconf 86' lang='lat' dir='ltr'>aura</span> <span class='ocrx_word' id='word_1_232' title='bbox 1386 2668 1520 2729; x_wconf 73' lang='lat' dir='ltr'>pax-le</span> <span class='ocrx_word' id='word_1_233' title='bbox 1543 2674 1691 2715; x_wconf 85' lang='lat' dir='ltr'>avant</span> <span class='ocrx_word' id='word_1_234' title='bbox 1713 2663 1819 2714; x_wconf 76' lang='lat' dir='ltr'>toi?</span> 
     </span>
     <span class='ocr_line' id='line_1_37' title="bbox 341 2730 1836 2797; baseline 0.001 -18"><span class='ocrx_word' id='word_1_235' title='bbox 341 2730 434 2779; x_wconf 86' lang='lat' dir='ltr'>Sed</span> <span class='ocrx_word' id='word_1_236' title='bbox 459 2734 577 2794; x_wconf 89' lang='lat' dir='ltr'>quia</span> <span class='ocrx_word' id='word_1_237' title='bbox 596 2733 737 2781; x_wconf 85' lang='lat' dir='ltr'>labor</span> <span class='ocrx_word' id='word_1_238' title='bbox 1131 2733 1257 2781; x_wconf 86' lang='lat' dir='ltr'>Mais</span> <span class='ocrx_word' id='word_1_239' title='bbox 1292 2747 1437 2797; x_wconf 84' lang='lat' dir='ltr'>parce</span> <span class='ocrx_word' id='word_1_240' title='bbox 1460 2749 1552 2796; x_wconf 89' lang='lat' dir='ltr'>que</span> <span class='ocrx_word' id='word_1_241' title='bbox 1580 2733 1626 2781; x_wconf 89' lang='lat' dir='ltr'>le</span> <span class='ocrx_word' id='word_1_242' title='bbox 1656 2731 1836 2781; x_wconf 79' lang='lat' dir='ltr'>travail</span> 
     </span>
     <span class='ocr_line' id='line_1_38' title="bbox 339 2798 1799 2864; baseline 0 -18"><span class='ocrx_word' id='word_1_243' title='bbox 339 2804 413 2846; x_wconf 78' lang='lat' dir='ltr'>est</span> <span class='ocrx_word' id='word_1_244' title='bbox 429 2799 586 2846; x_wconf 85' lang='lat' dir='ltr'>multo</span> <span class='ocrx_word' id='word_1_245' title='bbox 612 2799 770 2861; x_wconf 85' lang='lat' dir='ltr'>major</span> <span class='ocrx_word' id='word_1_246' title='bbox 1128 2807 1215 2861; x_wconf 71' lang='lat' dir='ltr'>est</span> <span class='ocrx_word' id='word_1_247' title='bbox 1231 2800 1481 2863; x_wconf 82' lang='lat' dir='ltr'>beaucoup</span> <span class='ocrx_word' id='word_1_248' title='bbox 1498 2801 1606 2864; x_wconf 87' lang='lat' dir='ltr'>plus</span> <span class='ocrx_word' id='word_1_249' title='bbox 1641 2798 1799 2862; x_wconf 81' lang='lat' dir='ltr'>grand</span> 
     </span>
     <span class='ocr_line' id='line_1_39' title="bbox 340 2863 1882 2928; baseline 0.001 -17"><span class='ocrx_word' id='word_1_250' title='bbox 340 2863 497 2912; x_wconf 87' lang='lat' dir='ltr'>dicere</span> <span class='ocrx_word' id='word_1_251' title='bbox 517 2880 716 2913; x_wconf 86' lang='lat' dir='ltr'>causam</span> <span class='ocrx_word' id='word_1_252' title='bbox 737 2872 906 2925; x_wconf 83' lang='lat' dir='ltr'>totam,</span> <span class='ocrx_word' id='word_1_253' title='bbox 1131 2868 1161 2914; x_wconf 74' lang='lat' dir='ltr'>a</span> <span class='ocrx_word' id='word_1_254' title='bbox 1176 2865 1363 2928; x_wconf 86' lang='lat' dir='ltr'>plaider</span> <span class='ocrx_word' id='word_1_255' title='bbox 1392 2881 1488 2914; x_wconf 87' lang='lat' dir='ltr'>une</span> <span class='ocrx_word' id='word_1_256' title='bbox 1511 2881 1654 2915; x_wconf 84' lang='lat' dir='ltr'>cause</span> <span class='ocrx_word' id='word_1_257' title='bbox 1684 2865 1882 2922; x_wconf 76' lang='lat' dir='ltr'>entiere,</span> 
     </span>
     <span class='ocr_line' id='line_1_40' title="bbox 339 2932 1542 2996; baseline 0.002 -18"><span class='ocrx_word' id='word_1_258' title='bbox 339 2944 486 2992; x_wconf 89' lang='lat' dir='ltr'>quam</span> <span class='ocrx_word' id='word_1_259' title='bbox 519 2938 726 2994; x_wconf 87' lang='lat' dir='ltr'>partem,</span> <span class='ocrx_word' id='word_1_260' title='bbox 1133 2947 1224 2993; x_wconf 89' lang='lat' dir='ltr'>que</span> <span class='ocrx_word' id='word_1_261' title='bbox 1244 2947 1340 2980; x_wconf 90' lang='lat' dir='ltr'>une</span> <span class='ocrx_word' id='word_1_262' title='bbox 1362 2932 1542 2996; x_wconf 85' lang='lat' dir='ltr'>partie,</span> 
     </span>
     <span class='ocr_line' id='line_1_41' title="bbox 332 2996 1808 3061; baseline 0.001 -18"><span class='ocrx_word' id='word_1_263' title='bbox 332 3002 388 3044; x_wconf 76' lang='lat' dir='ltr'>et</span> <span class='ocrx_word' id='word_1_264' title='bbox 405 2997 520 3059; x_wconf 80' lang='lat' dir='ltr'>quia</span> <span class='ocrx_word' id='word_1_265' title='bbox 545 2996 722 3060; x_wconf 65' lang='lat' dir='ltr'>gratia</span> <span class='ocrx_word' id='word_1_266' title='bbox 1131 3005 1181 3046; x_wconf 88' lang='lat' dir='ltr'>et</span> <span class='ocrx_word' id='word_1_267' title='bbox 1206 3012 1348 3060; x_wconf 86' lang='lat' dir='ltr'>parce</span> <span class='ocrx_word' id='word_1_268' title='bbox 1380 3013 1472 3061; x_wconf 90' lang='lat' dir='ltr'>que</span> <span class='ocrx_word' id='word_1_269' title='bbox 1501 2998 1583 3046; x_wconf 86' lang='lat' dir='ltr'>des</span> <span class='ocrx_word' id='word_1_270' title='bbox 1616 2998 1808 3047; x_wconf 76' lang='lat' dir='ltr'>amitiea</span> 
     </span>
     <span class='ocr_line' id='line_1_42' title="bbox 336 3062 1575 3127; baseline 0.002 -17"><span class='ocrx_word' id='word_1_271' title='bbox 336 3062 503 3125; x_wconf 84' lang='lat' dir='ltr'>plures</span> <span class='ocrx_word' id='word_1_272' title='bbox 1132 3065 1575 3127; x_wconf 81' lang='lat' dir='ltr'>plus-nombreuses</span> 
     </span>
     <span class='ocr_line' id='line_1_43' title="bbox 336 3131 1496 3193; baseline 0.001 -16"><span class='ocrx_word' id='word_1_273' title='bbox 336 3131 592 3186; x_wconf 78' lang='lat' dir='ltr'>ineuntur,</span> <span class='ocrx_word' id='word_1_274' title='bbox 680 3176 694 3193; x_wconf 68' lang='lat'>‚</span> <span class='ocrx_word' id='word_1_275' title='bbox 1126 3137 1242 3179; x_wconf 85' lang='lat' dir='ltr'>sont</span> <span class='ocrx_word' id='word_1_276' title='bbox 1274 3131 1496 3185; x_wconf 81' lang='lat' dir='ltr'>formees,</span> 
     </span>
     <span class='ocr_line' id='line_1_44' title="bbox 339 3192 1867 3259; baseline -0.001 -16"><span class='ocrx_word' id='word_1_277' title='bbox 339 3196 385 3243; x_wconf 84' lang='lat' dir='ltr'>si</span> <span class='ocrx_word' id='word_1_278' title='bbox 404 3194 535 3243; x_wconf 86' lang='lat' dir='ltr'>dicas</span> <span class='ocrx_word' id='word_1_279' title='bbox 553 3207 641 3257; x_wconf 88' lang='lat' dir='ltr'>pro</span> <span class='ocrx_word' id='word_1_280' title='bbox 657 3192 882 3255; x_wconf 78' lang='lat' dir='ltr'>pluribus</span> <span class='ocrx_word' id='word_1_281' title='bbox 1131 3196 1175 3243; x_wconf 89' lang='lat' dir='ltr'>si</span> <span class='ocrx_word' id='word_1_282' title='bbox 1206 3202 1261 3244; x_wconf 90' lang='lat' dir='ltr'>tu</span> <span class='ocrx_word' id='word_1_283' title='bbox 1283 3196 1467 3259; x_wconf 82' lang='lat' dir='ltr'>plaidee</span> <span class='ocrx_word' id='word_1_284' title='bbox 1488 3210 1611 3258; x_wconf 85' lang='lat' dir='ltr'>pour</span> <span class='ocrx_word' id='word_1_285' title='bbox 1627 3193 1867 3258; x_wconf 80' lang='lat' dir='ltr'>plusieurs</span> 
     </span>
     <span class='ocr_line' id='line_1_45' title="bbox 338 3265 1579 3324; baseline -0.001 -15"><span class='ocrx_word' id='word_1_286' title='bbox 338 3276 439 3310; x_wconf 85' lang='lat' dir='ltr'>uno</span> <span class='ocrx_word' id='word_1_287' title='bbox 462 3267 695 3323; x_wconf 79' lang='lat' dir='ltr'>tempore,</span> <span class='ocrx_word' id='word_1_288' title='bbox 1131 3277 1190 3309; x_wconf 88' lang='lat' dir='ltr'>en</span> <span class='ocrx_word' id='word_1_289' title='bbox 1216 3265 1372 3310; x_wconf 73' lang='lat' dir='ltr'>meme</span> <span class='ocrx_word' id='word_1_290' title='bbox 1403 3270 1579 3324; x_wconf 87' lang='lat' dir='ltr'>temps,</span> 
     </span>
     <span class='ocr_line' id='line_1_46' title="bbox 338 3324 1913 3392; baseline -0.002 -17"><span class='ocrx_word' id='word_1_291' title='bbox 338 3326 520 3376; x_wconf 74' lang='lat' dir='ltr'>idcirco</span> <span class='ocrx_word' id='word_1_292' title='bbox 540 3324 836 3375; x_wconf 78' lang='lat' dir='ltr'>adscivimus</span> <span class='ocrx_word' id='word_1_293' title='bbox 1126 3329 1389 3392; x_wconf 87' lang='lat' dir='ltr'>pour-cela</span> <span class='ocrx_word' id='word_1_294' title='bbox 1410 3343 1534 3376; x_wconf 84' lang='lat' dir='ltr'>nous</span> <span class='ocrx_word' id='word_1_295' title='bbox 1558 3342 1706 3375; x_wconf 80' lang='lat' dir='ltr'>avone</span> <span class='ocrx_word' id='word_1_296' title='bbox 1740 3325 1913 3388; x_wconf 77' lang='lat' dir='ltr'>adepte</span> 
     </span>
     <span class='ocr_line' id='line_1_47' title="bbox 338 3391 1385 3457; baseline 0.002 -17"><span class='ocrx_word' id='word_1_297' title='bbox 338 3393 470 3441; x_wconf 81' lang='lat' dir='ltr'>hanc</span> <span class='ocrx_word' id='word_1_298' title='bbox 493 3391 888 3442; x_wconf 70' lang='lat' dir='ltr'>consuetudinem</span> <span class='ocrx_word' id='word_1_299' title='bbox 1135 3401 1212 3442; x_wconf 86' lang='lat' dir='ltr'>cet</span> <span class='ocrx_word' id='word_1_300' title='bbox 1231 3408 1385 3457; x_wconf 83' lang='lat' dir='ltr'>usage</span> 
     </span>
    </p>
   </div>
   <div class='ocr_carea' id='block_1_3' title="bbox 341 3456 1396 3511">
    <p class='ocr_par' dir='ltr' id='par_1_4' title="bbox 341 3456 1396 3511">
     <span class='ocr_line' id='line_1_48' title="bbox 341 3456 1396 3511; baseline 0.002 -5"><span class='ocrx_word' id='word_1_301' title='bbox 341 3456 550 3507; x_wconf 75' lang='lat' dir='ltr'>libenter</span> <span class='ocrx_word' id='word_1_302' title='bbox 1113 3458 1396 3511; x_wconf 75' lang='lat' dir='ltr'>volontiers.</span> 
     </span>
    </p>
   </div>
  </div>
 </body>
</html>
