2592 4084
521 315 596 372 62
764 298 779 307 ’
1320 328 1582 375 nnn-rus.

587 448 746 500 Hune
773 443 952 516 igitur
976 444 1280 515 Cethegum
1308 452 1635 500 consecutus
1662 450 1747 500 est
1771 450 1933 501 aetate
1957 446 2115 515 Cato,
2145 447 2243 518 qui
2265 462 2371 503 an-

515 542 602 597 nis
621 558 682 597 xx
702 547 829 614 post
851 558 979 597 eum
996 541 1102 598 fuit
1123 541 1339 599 consul.
1354 544 1493 598 Eum
1511 557 1611 599 nos
1628 548 1690 599 ut
1711 548 2061 614 perveterem
2072 543 2370 618 habemuS,

515 637 611 710 qui
656 639 720 692 L.
762 636 994 706 Marcio,
1031 636 1103 695 Μ’
1145 636 1372 694 Manilio
1419 636 1737 695 oonsulibus
1785 645 2035 695 mortuus
2078 646 2185 705 est,
2208 642 2374 697 annis

516 751 731 791 Lxmn
757 734 892 806 ipsis
919 740 1047 791 ante
1077 751 1166 792 me
1195 735 1502 792 consulem.

582 837 720 890 XVI.
749 837 864 892 Neo
891 849 1024 890 vero
1052 834 1231 891 habeo
1264 850 1601 908 quemquam
1641 833 2026 908 antiquiorem,
2050 836 2136 908 cuj
2149 853 2212 891 us
2244 853 2371 909 qui-

514 931 643 988 dem
670 932 876 1004 scripta
904 931 1234 1003 proferenda
1254 938 1466 1003 putem,
1498 932 1606 986 nisi
1637 947 1804 1004 quem
1826 932 1988 1004 Appii
2014 933 2158 988 Caeoi
2188 935 2369 991 oratio

513 1029 633 1086 haeo
668 1029 790 1101 ipsa
832 1027 903 1083 de
943 1026 1177 1100 Pyrrhe,
1218 1033 1274 1082 et
1319 1026 1595 1084 nonnullae
1635 1034 1978 1084 mortuorum
2018 1028 2369 1086 laudationes

511 1123 655 1180 forte
692 1122 990 1179 delectant.
1016 1127 1083 1179 Et
1106 1121 1368 1179 hercules
1393 1124 1481 1180 hae
1508 1123 1731 1197 quidem
1765 1130 2013 1195 exstant3
2050 1125 2185 1198 ipsae
2217 1128 2365 1183 enim

510 1219 736 1275 familiae
761 1235 863 1274 sua
898 1217 1057 1290 quasi
1098 1223 1420 1273 ornamenta
1458 1234 1524 1274 ae
1563 1225 1919 1277 monumenta
1958 1222 2280 1294 servabant,
2311 1230 2366 1281 et

509 1316 579 1373 ad
608 1331 791 1385 usum,
826 1315 874 1369 si
900 1314 1024 1387 quis
1065 1314 1316 1384 ejusdem
1348 1313 1571 1385 generis
1603 1314 1914 1387 occidisset,
1952 1321 2010 1372 et
2040 1317 2111 1372 ad
2146 1334 2364 1377 memo-

508 1414 650 1470 riam
676 1411 906 1469 laudum
934 1411 1386 1483 domesticarum,
1413 1418 1468 1466 et
1489 1411 1560 1467 ad
1588 1411 1971 1469 illustrandam
2012 1414 2365 1473 nobilitatem

506 1525 705 1565 suam:
738 1523 1054 1581 quanquam
1082 1506 1171 1563 his
1195 1507 1607 1564 laudationibus
1638 1508 1871 1565 historia
1906 1524 2097 1566 rerum
2135 1516 2364 1568 nostra-

508 1621 634 1662 rum
671 1610 756 1660 est
791 1604 937 1661 facta
980 1605 1318 1661 mendosior.
1354 1603 1529 1659 Multa
1554 1604 1703 1661 enim
1740 1606 1943 1678 scripta
1980 1612 2112 1662 sunt
2155 1607 2216 1662 in
2259 1609 2360 1677 eia,

509 1717 633 1775 quae
655 1700 805 1757 faeta
826 1716 935 1756 non
959 1707 1109 1773 sunt,
1130 1700 1254 1756 falsi
1277 1699 1565 1773 triumphi,
1582 1700 1772 1771 plures
1794 1700 2133 1768 consulatus,
2150 1716 2365 1774 genera

507 1797 676 1854 etiam
697 1797 859 1864 falsa,
887 1802 943 1853 et
967 1812 1001 1852 a
1028 1797 1192 1870 plebe
1218 1798 1591 1863 transitioneS,
1616 1790 1786 1870 quum
1822 1796 2078 1853 homines
2100 1798 2364 1856 humilio-

505 1911 599 1953 res
624 1895 682 1951 in
701 1894 944 1952 alienum
969 1893 1223 1967 ejusdem
1246 1893 1486 1950 nominis
1513 1893 1937 1950 infunderentur
1956 1909 2171 1966 genus3
2199 1901 2284 1968 ut,
2314 1897 2362 1951 si

568 2142 734 2201 Αὶιιεί,
754 2143 897 2205 apres
919 2141 1178 2205 Cethegus,
1209 2147 1258 2189 et
1282 2141 1405 2190 dans
1436 2142 1616 2192 l'ordre
1641 2143 1722 2193 des
1742 2149 1915 2207 tempe,
1942 2144 2074 2192 vient
2091 2145 2249 2194 Caton
2272 2151 2357 2210 qui

502 2230 579 2278 sut
598 2229 771 2278 consul
805 2228 928 2276 nenf
951 2243 1040 2276 ane
1068 2229 1178 2291 plne
1213 2229 1323 2278 tard
1356 2245 1451 2292 que
1484 2230 1575 2279 lui.
1603 2230 1741 2280 Nous
1783 2232 1829 2281 le
1855 2231 2125 2296 regar-done
2168 2248 2361 2285 nomme

499 2317 821 2373 tres-ancien,
847 2323 896 2365 et
916 2316 1183 2379 oependant
1207 2317 1246 2365 il
1270 2325 1470 2367 mourut
1502 2334 1615 2367 eone
1640 2319 1686 2367 le
1718 2320 1941 2368 consulat
1968 2320 2029 2368 de
2052 2321 2111 2370 L.
2140 2323 2359 2374 Marcius

498 2413 546 2454 et
576 2406 634 2453 de
658 2405 724 2453 M·
752 2404 1004 2461 Maniliae,
1029 2405 1346 2466 preoieement
1378 2405 1813 2468 quatre-vingt-eix
1844 2420 1934 2455 ane
1962 2415 2113 2456 avant
2131 2409 2176 2456 le
2201 2411 2358 2463 mien-

568 2493 705 2543 xv1.
733 2493 796 2543 Je
816 2507 877 2541 ne
901 2494 1029 2542 oroie
1050 2508 1154 2556 pas,
1180 2508 1244 2541 au
1266 2501 1411 2550 reete,
1437 2508 1531 2555 que
1558 2508 1680 2542 noue
1706 2509 1863 2557 ayone
1891 2493 1951 2543 de
1986 2495 2209 2546 discours
2246 2502 2364 2563 plns

498 2582 695 2630 anciens
722 2595 816 2644 que
830 2595 954 2630 oeux
977 2581 1039 2630 de
1061 2580 1233 2636 caton,
1266 2581 1350 2641 qui
1372 2580 1599 2629 meritant
1615 2581 1766 2631 d’etre
1782 2583 1917 2640 eitee,
1940 2585 1970 2631 a
1995 2585 2161 2634 moine
2183 2602 2285 2651 que
2308 2591 2359 2639 1⁸

498 2670 749 2734 hai-angue
774 2670 1011 2734 d'Appine
1039 2668 1208 2718 Caene
1228 2682 1292 2716 au
1318 2668 1445 2731 eujet
1461 2668 1520 2717 de
1528 2668 1763 2733 Pyrrhus,
1780 2677 1827 2719 et
1844 2672 2052 2721 oertaine
2068 2675 2239 2739 eloges
2268 2679 2360 2729 fu-

497 2759 666 2806 nebres
690 2758 874 2805 n'aient
901 2757 968 2806 du
986 2757 1182 2806 eharme
1213 2770 1339 2819 pour
1360 2757 1587 2818 quelques
1613 2757 1852 2820 lentem-33
1876 2775 1960 2809 ear
1987 2776 2112 2824 pour
2140 2779 2222 2814 ces
2244 2768 2361 2816 elo-

497 2858 601 2908 ges,
622 2844 684 2893 ils
705 2845 941 2893 existentz
962 2858 1015 2892 oe
1034 2851 1149 2891 sont
1171 2843 1256 2890 dee
1283 2842 1423 2890 titree
1441 2850 1488 2890 et
1502 2842 1587 2891 des
1609 2853 1919 2894 monuments
1933 2862 2026 2910 que
2047 2849 2117 2896 lee
2138 2851 2358 2902 familles

494 2943 582 2981 ont
600 2937 821 2998 toujoure
845 2934 1114 2988 conserves,
1143 2937 1249 2980 tant
1270 2946 1394 2993 pour
1413 2945 1473 2979 en
1498 2932 1618 2980 faire
1646 2948 1798 2997 usage
1837 2935 2091 2999 lorsqn’un
2121 2938 2182 2987 de
2214 2941 2355 2991 leurs

493 3020 734 3069 membres
753 3021 915 3068 venait
932 3022 962 3067 a
978 3019 1187 3079 mom-ir,
1206 3034 1300 3082 que
1322 3034 1445 3082 pour
1468 3023 1718 3083 perpetuet
1742 3022 1786 3070 le
1800 3025 2029 3072 souvenir
2045 3025 2104 3075 de
2126 3026 2356 3089 lagloir·

492 3108 806 3171 domestique,
838 3113 885 3156 et
915 3105 1169 3155 rehansser
1194 3106 1354 3155 l’eelat
1389 3106 1448 3156 de
1477 3107 1584 3156 leur
1613 3109 1849 3157 nobleese.
1880 3109 1963 3159 Au
1983 3119 2126 3169 reete,
2158 3128 2241 3162 ees
2263 3130 2352 3179 pa-

493 3197 786 3260 negyriqnes
808 3201 893 3243 ont
915 3195 1088 3258 templi
1124 3200 1262 3243 notre
1294 3193 1494 3244 histoire
1518 3194 1579 3244 de
1602 3211 1906 3260 mensongee.
1943 3196 2022 3247 On
2064 3213 2100 3261 y
2144 3212 2354 3251 raconte

492 3285 576 3334 dee
598 3284 714 3334 faite
736 3283 821 3347 qui
856 3283 996 3331 n'ont
1019 3282 1198 3343 jamnis
1232 3295 1294 3329 eu
1323 3280 1444 3342 lieu,
1480 3282 1563 3331 dee
1595 3282 1859 3346 triomphee
1891 3284 2230 3348 imaginantes,
2265 3288 2355 3336 dee

489 3372 739 3422 consulate
763 3370 884 3421 dont
906 3383 970 3419 on
1002 3369 1182 3432 grouit
1205 3368 1253 3417 le
1280 3368 1499 3425 nombre.
1533 3370 1592 3418 de
1623 3370 1806 3419 fanesee
1840 3372 2169 3437 genealogies.
2199 3373 2286 3425 On
2313 3393 2351 3440 y

487 3461 680 3511 anoblit
705 3458 789 3509 den
817 3458 1072 3523 plebeiene,
1098 3472 1158 3506 en
1203 3457 1384 3506 faisant
1419 3463 1574 3507 nattre
1606 3457 1688 3507 des
1724 3457 1944 3508 hommes
1975 3461 2124 3510 d’une
2145 3463 2351 3528 origine
