2592 4084
476 417 592 474 204
1261 426 1532 472 BRUTUS.
1769 416 1788 445 ·

421 592 428 602 .
470 543 628 614 mihi,
654 541 1047 613 benivolentia,
1076 540 1263 613 cred0,
1285 541 1501 609 duotuS,
1530 541 1807 597 tribuebat
1830 539 2038 597 omnia.
2065 541 2176 596 Sed
2201 557 2330 613 ego,

470 645 594 702 quae
623 628 691 685 de
717 646 806 684 me
832 627 1022 700 populi
1047 627 1119 684 sit
1141 628 1347 700 opinio,
1368 629 1584 700 nesci03
1618 630 1685 685 de
1705 627 1937 701 reliquis
1957 626 2066 683 hoo
2085 627 2322 713 affirmo,

471 715 567 787 qui
588 715 741 787 vulgi
764 714 1017 786 opinione
1037 713 1388 770 disertissimi
1409 713 1586 771 habiti
1603 714 1731 787 sint,
1756 715 1984 770 eosdem
2006 713 2326 784 intelligen-

467 803 608 859 tium
636 818 857 876 quoque
880 800 1090 874 judicio
1121 801 1288 857 fuisse
1328 801 1761 872 probatissimos,
1802 804 1917 858 Nec
1951 800 2099 856 enim
2140 810 2327 872 posset

467 891 617 948 idem
653 891 1055 947 Demosthenes
1090 889 1292 961 dicere,
1336 890 1487 963 quod
1525 891 1727 947 dixisse
1763 890 2174 963 Antimachum,
2201 891 2327 947 Cla-

466 980 613 1035 rium
639 985 883 1052 poetam,
915 978 1116 1048 ferunt,
1144 978 1240 1049 qui
1267 994 1440 1050 quum
1467 979 1780 1036 convocatis
1803 977 2153 1035 auditoribus
2175 979 2328 1051 lege-

467 1068 553 1118 ret
580 1062 662 1118 eis
688 1076 953 1133 magnum
975 1059 1136 1128 illud,
1169 1061 1319 1132 quod
1341 1061 1592 1134 novistis,
1622 1061 1885 1118 volumen
1910 1077 2095 1130 suum,
2117 1066 2176 1117 et
2197 1078 2324 1117 eum

464 1149 745 1223 legentem
786 1164 997 1217 omneS,
1039 1154 1242 1220 praeter
1281 1147 1588 1222 Platonem,
1626 1148 2002 1222 reliquissent,
2034 1167 2062 1200 ι
2092 1152 2319 1221 Legam,

464 1236 667 1310 inquit,
688 1237 861 1293 nihilo
882 1236 1097 1291 minus:
1114 1235 1271 1292 Plato
1286 1237 1437 1292 enim
1452 1238 1587 1293 mihi
1610 1254 1755 1294 unus
1773 1237 1946 1293 instar
1969 1241 2056 1290 est
2075 1240 2324 1293 omnium

464 1326 722 1382 millium.
757 1345 783 1376 ι
815 1328 882 1381 Et
929 1330 1081 1382 reete
1114 1341 1128 1378 t
1164 1342 1367 1398 poema
1412 1326 1560 1382 enim
1602 1326 1968 1398 reconditum,
2018 1342 2325 1399 paucorum

463 1413 888 1485 approbatione3
916 1413 1090 1470 oratio
1119 1414 1401 1486 popularis
1430 1413 1500 1469 ad
1543 1429 1768 1470 sensum
1804 1413 1960 1485 vulgi
1993 1413 2160 1469 debet
2200 1431 2324 1470 mo-

461 1502 602 1559 veri.
630 1504 716 1574 At,
744 1501 790 1558 si
815 1501 1072 1558 eumdem
1100 1501 1248 1558 huno
1279 1501 1568 1558 Platonem
1605 1490 1777 1557 unum
1815 1502 2128 1558 auditorem
2155 1503 2326 1558 habe·

461 1595 548 1645 ret
576 1590 996 1663 DemostheneS,
1020 1607 1195 1663 quum
1218 1596 1368 1646 esset
1393 1591 1619 1646 relictus
1649 1606 1683 1646 a
1714 1591 1938 1655 ceteris,
1965 1591 2197 1648 verbum
2236 1591 2322 1647 fa-

461 1693 586 1733 eere
614 1693 722 1734 non
749 1684 953 1750 posset.
979 1677 1163 1745 Quid?
1185 1683 1267 1749 tu,
1296 1681 1484 1750 Brute,
1513 1693 1722 1750 posses,
1750 1678 1797 1734 si
1826 1685 1902 1750 te,
1933 1687 1996 1734 ut
2023 1679 2323 1735 Curionem

461 1768 762 1839 quondam,
788 1767 977 1823 concio
1006 1767 1356 1840 reliquisset?

527 1886 599 1896 —
624 1858 743 1927 Ego
768 1871 924 1923 vero,
955 1855 1138 1927 inquit
1163 1855 1277 1926 ille,
1314 1861 1378 1910 ut
1405 1871 1494 1909 me
1518 1854 1619 1909 tibi
1655 1855 1918 1926 indicem,
1946 1858 2003 1911 in
2043 1859 2124 1913 eis
2152 1857 2319 1912 etiam

457 2086 548 2119 son
574 2071 740 2120 amitie'
773 2071 824 2120 la
847 2071 1095 2120 deferenoe
1118 2073 1241 2134 qu’il
1260 2087 1338 2121 me
1371 2073 1608 2121 montrait
1630 2088 1693 2122 en
1708 2079 1833 2123 tout.
1859 2075 2087 2138 J’ignore
2115 2091 2181 2124 au
2205 2092 2322 2124 sur-

456 2155 570 2217 plus
595 2170 650 2203 ee
680 2170 773 2217 que
793 2155 840 2202 le
866 2155 1036 2217 peuple
1058 2171 1200 2219 pense
1223 2156 1282 2203 de
1324 2157 1440 2205 moi.
1481 2157 1648 2218 Quant
1668 2172 1769 2206 aux
1791 2165 1973 2219 autres,
1992 2158 2044 2221 je
2069 2175 2131 2207 ne
2155 2162 2322 2209 orains

455 2253 541 2301 pas
565 2239 623 2287 de
642 2238 911 2295 l'affirmer,
932 2253 1057 2287 ceux
1083 2255 1178 2303 que
1210 2225 1449 2304 l'opinion
1484 2242 1717 2305 publique
1754 2257 1784 2290 a
1824 2243 1981 2306 places
2017 2258 2080 2291 au
2103 2246 2322 2306 premier

456 2338 597 2385 rung,
645 2330 733 2372 ont
753 2338 820 2371 vu
847 2323 1071 2385 toujours
1102 2324 1209 2372 leur
1242 2325 1578 2387 preeminence
1606 2324 1866 2374 confirmes
1895 2312 1992 2389 'par
2019 2327 2068 2373 le
2093 2328 2320 2392 suffrage

452 2407 628 2455 eelaire
651 2406 731 2455 des
765 2422 883 2471 gens
912 2406 970 2456 de
997 2412 1135 2472 gont.
1181 2409 1255 2456 En
1279 2409 1406 2469 estet,
1436 2409 1479 2456 le
1506 2416 1609 2458 mot
1635 2408 1783 2471 qu’on
1819 2418 2041 2473 rapporte
2070 2410 2140 2458 du
2178 2417 2321 2474 poe‘to

451 2490 747 2553 Antimaque
772 2491 832 2540 de
856 2492 1026 2542 Claros
1047 2493 1262 2542 n'aurait
1278 2493 1461 2554 jamnis
1493 2508 1558 2554 pu
1589 2508 1639 2540 se
1673 2500 1869 2542 trouver
1893 2493 2014 2541 dans
2043 2494 2095 2542 la
2124 2494 2319 2544 bonohe

453 2572 513 2622 de
537 2571 878 2623 Demosthene.
915 2574 1213 2637 Antimaque
1234 2576 1384 2635 avait,
1407 2573 1581 2631 dit-on,
1603 2575 1745 2622 renni
1764 2591 1833 2623 un
1857 2576 2114 2638 auditoire,
2138 2576 2319 2625 devant

450 2654 611 2717 lequel
642 2657 681 2704 il
702 2658 837 2706 lisait
876 2673 932 2705 oe
954 2661 1126 2720 possme
1165 2658 1485 2705 volumineux
1529 2674 1623 2722 que
1652 2674 1772 2709 vous
1808 2664 2110 2710 connaissez.
2138 2664 2315 2711 Aban-

451 2737 628 2797 donne,
658 2755 723 2787 au
752 2741 923 2788 milieu
970 2739 1030 2788 de
1059 2755 1112 2787 sa
1138 2741 1341 2797 lecturo,
1382 2740 1439 2788 de
1475 2748 1582 2790 tout
1613 2743 1659 2790 le
1693 2744 1872 2792 monde
1902 2748 2100 2808 excepte
2126 2745 2184 2793 de
2206 2745 2298 2793 Pla

358 2816 363 2820 ’
451 2828 572 2869 tone
619 2841 645 2867 ιι
670 2823 733 2872 Je
759 2823 872 2872 n’en
913 2823 1220 2885 pom-suinai
1256 2839 1342 2885 pas
1379 2826 1556 2884 moins,
1613 2826 1791 2884 dit-il;
1843 2827 2017 2876 Platon
2062 2837 2181 2876 veut
2208 2829 2312 2877 seul

451 2920 575 2968 pour
597 2905 697 2955 moi
735 2905 819 2954 des
846 2907 1053 2955 milliers
1087 2907 1406 2955 d'auditeurs.
1444 2927 1470 2953 n
1518 2908 1561 2956 11
1604 2909 1737 2958 nvait
1771 2911 1937 2959 raison
1959 2929 1974 2959 z
2000 2912 2071 2960 les
2117 2914 2324 2962 benutes'

450 2985 611 3035 moins
635 2986 880 3049 vulgaires
906 2988 965 3036 de
1003 2988 1054 3036 la
1094 2989 1253 3051 poesie
1289 2990 1430 3038 n’ont
1466 2991 1634 3039 besoin
1670 3006 1764 3055 que
1793 2992 1912 3041 d’un
1957 2996 2080 3056 petit
2111 2995 2314 3043 nombre

450 3067 853 3134 d’appreointeurs
875 3088 890 3130 ς
916 3086 984 3119 un
1021 3071 1237 3121 diseours
1258 3074 1427 3136 publio
1450 3075 1554 3124 doit
1596 3076 1805 3125 reoevoir
1850 3076 2129 3125 l’influenoe
2168 3078 2313 3128 d'une

448 3152 633 3215 grando
655 3154 938 3204 assemblee.
970 3153 1088 3219 Oui,
1112 3156 1192 3204 s’il
1226 3157 1345 3206 etait
1361 3158 1542 3220 jamnis
1575 3160 1734 3207 arrive
1758 3162 1788 3207 ὲ
1816 3158 2145 3209 Demosthene
2170 3162 2229 3209 de
2252 3176 2312 3210 ne

448 3249 703 3285 conserver
730 3253 855 3300 pour
895 3237 1118 3288 auditam·
1151 3255 1245 3302 que
1278 3242 1324 3289 le
1353 3243 1458 3290 seul
1490 3242 1688 3301 Platon,
1731 3259 1787 3292 sa
1820 3244 2010 3294 bonohe
2054 3245 2133 3293 fsst
2163 3246 2312 3295 testeo

448 3327 645 3369 muetto.
673 3320 781 3382 Que
801 3321 1104 3373 deviendrait
1127 3331 1260 3373 voti-e
1277 3325 1453 3385 talant,
1476 3327 1678 3387 Brutus,
1706 3327 1748 3376 si
1767 3343 1889 3377 vous
1910 3328 2052 3377 allier.
2072 3345 2194 3378 vous
2208 3332 2313 3379 voir

448 3419 636 3454 comme
669 3405 746 3454 fut
766 3420 835 3454 un
857 3405 976 3470 jour
997 3407 1200 3466 Carion,
1229 3408 1519 3457 abandonne
1541 3408 1601 3457 de
1626 3416 1733 3458 tout
1755 3412 1802 3459 lo
1821 3410 2026 3475 peuple?

516 3514 580 3525 ——
599 3488 663 3538 Je
680 3504 802 3538 vous
842 3489 887 3537 le
932 3491 1223 3540 confesserai
1258 3507 1372 3540 sans
1399 3493 1585 3550 demur,
1612 3494 1937 3556 repondit-il:
1986 3495 2109 3543 dans
2137 3494 2210 3543 les
2229 3495 2306 3543 as·

447 3568 593 3617 faites
619 3576 774 3621 memo
797 3574 863 3621 01¹1
892 3574 936 3621 le
958 3575 1172 3623 discours
1209 3574 1449 3624 s’adresse
1485 3576 1803 3638 uniquement
1835 3593 1936 3626 aux
1955 3579 2103 3642 juges
2129 3586 2178 3626 et
2208 3593 2309 3628 non
