2592 4084
1129 450 1390 539 saurus.
2068 491 2175 545 251

332 607 495 666 tenuit
517 607 680 655 locum
701 613 978 667 oratorum,
1127 608 1314 656 tint‘un
1339 623 1465 672 rang
1486 611 1643 672 parmi
1667 611 1736 659 les
1760 621 1993 670 orateurs,

332 674 575 721 nonnulla
605 674 742 736 copia
777 675 1053 733 verborum,
1109 682 1214 737 ‘par
1255 676 1468 723 certaine
1505 677 1784 726 abondauce
1809 679 2176 744 d‘espressiom,

332 740 474 787 nullo
498 739 596 788 alio
615 742 776 799 bono,
1126 755 1241 788 avec
1263 756 1425 788 aucun
1449 750 1585 803 autre
1620 745 1812 809 merit03

329 807 404 854 sic
427 806 665 854 Lentulus
1125 806 1184 854 de
1207 809 1363 856 meme
1380 807 1616 857 Lentulus

333 873 606 920 occultavit
1129 872 1287 921 cacha

332 938 721 986 mediocritatem
1126 939 1179 986 la
1205 938 1431 988 saiblesse

331 1011 603 1053 ceterarum
623 1004 856 1052 virtutum
881 1003 1076 1054 dicendi
1127 1004 1209 1053 des
1233 1012 1396 1054 autres
1421 1006 1631 1070 qualites
1659 1008 1893 1057 oratoires

329 1073 522 1118 actione
554 1071 605 1119 in
649 1085 746 1132 qua
772 1070 867 1121 fuit
911 1072 1076 1119 excel-
1125 1085 1215 1133 par
1237 1071 1435 1120 l'action
1455 1074 1520 1121 ou
1553 1074 1593 1121 il
1624 1074 1700 1122 fut
1732 1077 1997 1138 superieur.

330 1137 500 1197 Neque
522 1136 680 1185 multo
699 1151 836 1185 secus
927 1137 1069 1203 [lens.
1128 1138 1191 1186 Et
1218 1153 1303 1198 pas
1330 1140 1578 1202 beaucoup
1602 1138 1871 1189 autrement

329 1203 391 1250 P.
421 1203 672 1256 Lucullus»,
707 1261 718 1270 “
1127 1204 1185 1251 P.
1218 1204 1468 1261 Lucullus,

330 1271 471 1330 cujus
495 1269 709 1333 dignitas
732 1270 922 1328 formae,
1128 1270 1246 1317 dont
1272 1272 1436 1319 l'eclat
1468 1271 1525 1318 de
1541 1271 1591 1319 18
1612 1272 1800 1332 beaute,

330 1347 490 1382 motus
508 1335 739 1397 corporis,
1127 1336 1172 1383 le
1190 1345 1496 1385 mouvement
1515 1338 1580 1385 du
1604 1353 1745 1402 corps

328 1402 502 1463 plenus
524 1412 570 1448 et
593 1403 714 1450 artis
1127 1402 1258 1464 plein
1281 1411 1329 1450 et
1352 1402 1478 1451 d’art

327 1475 376 1514 et
402 1468 690 1527 venustatis,
1128 1474 1177 1516 et
1209 1469 1266 1516 de
1287 1470 1449 1531 grace,

329 1543 376 1579 et
397 1533 609 1581 suavitas
1127 1541 1176 1581 et
1197 1535 1246 1582 la
1269 1536 1483 1583 douceur

329 1607 376 1646 et
396 1598 685 1662 magnitudo
713 1600 845 1648 vocis
1126 1608 1174 1646 et
1206 1600 1447 1649 l’etendue
1467 1599 1525 1647 de
1547 1600 1596 1647 la
1616 1600 1728 1647 voix

326 1667 523 1729 tegebat
540 1665 818 1713 tarditatem
1129 1665 1428 1716 dissimulait
1451 1667 1501 1715 la
1527 1665 1715 1717 lenteur

329 1742 376 1777 et
397 1732 708 1794 excogitandi
1126 1740 1173 1778 et
1195 1735 1224 1780 a
1250 1733 1495 1797 imaginer

329 1805 376 1843 et
402 1797 654 1856 loquendi.
1124 1806 1172 1845 et
1195 1802 1224 1845 a
1245 1801 1425 1863 parler.

329 1861 408 1910 sio
426 1864 554 1910 nihil
574 1863 669 1911 fuit
693 1863 746 1910 in
768 1861 864 1910 hoc
1125 1865 1264 1913 Ainsi
1302 1866 1407 1914 rien
1435 1879 1491 1911 ne
1514 1863 1588 1911 fut
1618 1862 1738 1912 dans
1756 1865 1956 1914 celui-ci

328 1937 504 1992 praeter
525 1929 763 1976 actionem
780 1942 795 1988 ;
1124 1936 1316 1995 excepte
1336 1932 1530 1981 l'actiou
1550 1947 1563 1984 ς

328 2003 490 2043 cetera
510 1998 658 2042 etiam
686 1996 891 2054 minora,
1123 1995 1168 2043 le
1195 2006 1318 2045 reste
1346 2000 1501 2044 meme
1526 1995 1676 2058 (etait)
1698 1997 1935 2054 moindre,

329 2073 476 2123 quam
499 2060 551 2107 in
576 2061 840 2121 superiore.
1123 2060 1215 2124 que
1240 2065 1361 2111 dans
1388 2065 1435 2111 le
1467 2063 1734 2123 precedent.

396 2126 598 2175 LXVII.
614 2125 682 2174 Μ.
703 2127 816 2174 Piso
828 2124 998 2173 habuit
1011 2140 1070 2174 ex
1189 2128 1392 2180 LXVII.
1430 2128 1500 2176 M.
1528 2129 1675 2177 Pison
1713 2127 1800 2178 dut
1822 2132 1852 2178 a
1872 2130 2052 2179 l'etude

329 2188 767 2255 quidquidhsbuit,
792 2190 1070 2257 [disciplina
1122 2201 1227 2242 tout
1247 2212 1301 2243 ce
1334 2196 1454 2258 qu’il
1488 2196 1704 2258 posseda,

326 2257 642 2320 eruditusque
671 2258 767 2306 fuit
1125 2270 1172 2306 et
1195 2260 1270 2309 fut
1293 2262 1494 2310 instruit

325 2324 505 2372 litteris
529 2324 734 2383 Graecis,
1125 2325 1245 2374 dans
1268 2329 1337 2377 les
1359 2329 1522 2376 lettres
1545 2341 1791 2389 grecques,

324 2391 541 2440 maxime
563 2407 624 2439 ex
647 2389 875 2438 omnibus
1118 2392 1166 2439 le
1184 2393 1293 2454 plus
1320 2394 1377 2441 de
1399 2403 1511 2440 tous

306 2458 410 2519 ⁴qui
433 2457 634 2505 fuerunt
658 2467 789 2504 ante.
1120 2472 1243 2505 ceux
1267 2462 1350 2523 qui
1374 2459 1538 2506 furent
1566 2463 1863 2521 anparavant

323 2523 512 2571 Habuit
529 2538 559 2571 a
587 2529 762 2571 natura
1120 2521 1164 2571 11
1186 2526 1283 2573 tint
1313 2526 1370 2572 de
1394 2526 1445 2571 18
1477 2532 1649 2571 nature

326 2589 568 2652 quoddam
589 2603 744 2652 genus
758 2587 1001 2637 acuminis
1119 2592 1304 2640 certain
1335 2606 1483 2653 genre
1502 2590 1561 2637 de
1577 2589 1749 2638 finesse

324 2656 476 2717 (quod
493 2656 748 2705 limaverat
761 2656 906 2704 etiam
918 2654 1061 2715 arte),
1119 2656 1260 2719 (qu'il
1310 2658 1441 2705 avait
1498 2656 1823 2718 perfectionne
1873 2659 2026 2704 meme
2083 2671 2172 2719 par

327 2721 456 2783 quod
474 2730 577 2769 erat
596 2729 844 2770 versutum
856 2722 1067 2769 etsolers
1119 2723 1202 2784 qui
1223 2724 1341 2771 etait
1365 2723 1525 2770 adroit
1559 2730 1606 2769 et
1628 2722 1892 2785 inge'uieux
2017 2721 2168 2787 [Ρειι-ῐ)

324 2788 378 2835 in
401 2789 560 2835 verbis
589 2788 1012 2850 reprehendendis,
1119 2789 1239 2837 dans
1265 2791 1337 2837 les
1359 2797 1487 2837 mots
1503 2789 1996 2851 devant-etressrepris,

326 2854 408 2902 sed
438 2869 564 2916 saepe
583 2855 960 2917 stomachosum,
1117 2855 1240 2904 mais
1253 2862 1464 2903 souvent
1490 2854 1617 2903 dicte
1641 2870 1727 2918 par
1751 2856 1797 2904 le
1832 2856 1973 2919 depit,

323 2934 677 2982 nonnunquam
700 2919 952 2982 frigidum,
1118 2922 1415 2985 quelquefois
1437 2921 1583 2980 froid,

324 2986 569 3034 interdum
593 2986 739 3033 etiam
759 2987 987 3035 facetum.
1118 2988 1295 3047 parfois
1321 2987 1448 3036 aussi
1469 2988 1696 3050 plaisant.

323 3051 372 3100 Is
395 3068 492 3101 non
521 3053 639 3100 tulit
1115 3053 1322 3103 Celui-ci
1343 3069 1403 3101 ne
1426 3064 1657 3117 supporta
1676 3069 1761 3116 pas

323 3119 540 3166 laborem
566 3118 773 3174 diutius,
1036 3160 1038 3162 ,
1114 3119 1161 3166 le
1182 3121 1360 3167 travail
1386 3121 1678 3183 longtemps,

322 3186 461 3247 qnasi
486 3200 684 3232 cursum
703 3183 960 3246 forensem,
1116 3200 1303 3233 comme
1328 3201 1423 3234 une
1445 3200 1614 3234 course
1634 3186 1699 3234 du
1723 3188 1946 3243 barreau,

323 3251 453 3313 quod
477 3258 526 3298 et
547 3260 651 3299 erat
1116 3266 1258 3313 parce
1290 3266 1384 3313 que
1415 3257 1463 3298 et
1493 3252 1531 3299 il
1553 3253 1672 3299 etait

321 3332 518 3378 corpore
540 3317 762 3372 infirmo,
1117 3317 1261 3365 d'une
1288 3319 1428 3365 sante
1445 3318 1706 3369 mauvaise.

324 3389 375 3429 et
396 3378 500 3430 non‘
516 3383 699 3430 ferebat
720 3383 932 3447 ineptias
1116 3391 1164 3430 et
1191 3399 1251 3431 ne
1269 3385 1539 3446 supportait
1557 3398 1643 3446 pas
1664 3384 1735 3430 les
1765 3383 1968 3444 ineptiee

326 3453 374 3494 et
398 3449 629 3496 stultitias
651 3449 925 3504 hominum,
1118 3460 1164 3495 et
1184 3450 1251 3497 les
1274 3451 1466 3497 sottises
1498 3449 1578 3496 des
1601 3450 1835 3505 hommes,

324 3528 435 3576 quae
455 3522 569 3561 sunt
592 3513 877 3563 devorandae
901 3514 1059 3574 nobis,
1120 3516 1202 3576 qni
1223 3523 1335 3563 sont
1354 3514 1896 3562 devant-etredcvorees
1915 3525 2000 3574 par
2023 3522 2163 3571 nous,

323 3579 673 3642 respuebatque
698 3580 1000 3637 iracundius,
1117 3590 1164 3628 et
1200 3581 1261 3629 les
1283 3582 1556 3642 repoussait
1584 3594 1698 3627 avec
1720 3579 1894 3639 colere,

322 3647 423 3693 sive
447 3660 656 3709 morose,
1118 3646 1211 3694 soit
1234 3644 1834 3707 par-humeur-chagrine,
