2592 4084
342 481 400 523 ut
424 488 689 523 concursus
710 472 848 523 fieret

346 556 406 589 ex
430 547 533 590 tota
555 539 764 600 Gracia,

344 621 493 655 eausa
513 606 761 655 audiendi.

345 674 414 721 At
437 688 587 737 quum

345 740 428 788 isti
452 738 600 788 Attici
624 738 812 796 dieunt,

346 820 444 854 non
465 806 610 854 modo
636 804 981 867 relinquuntur

343 887 378 921 a
400 886 597 933 corona,

348 937 476 999 quod
503 948 575 985 est
603 936 764 1000 ipsum
788 904 1078 993 miserabile,

349 1004 432 1052 sed
454 1019 493 1051 e:
500 1005 597 1051 iam
622 1004 683 1051 ab
705 1003 798 1051 adt
802 1003 972 1052 ocatis.

350 1069 509 1130 Quare
529 1071 568 1118 si
590 1069 745 1117 dicere

346 1143 557 1198 anguste
580 1142 626 1183 et
648 1133 837 1183 exiliter

351 1210 424 1249 est
448 1202 739 1259 Atticorum,

351 1268 453 1316 sint
474 1282 589 1315 sane
611 1268 759 1316 Attici
778 1279 793 1329 ;

349 1334 435 1381 sed
456 1333 654 1381 veniant
675 1333 724 1381 in
751 1331 1026 1388 comitium,

351 1400 516 1448 dicant
536 1400 600 1448 ad
620 1399 834 1463 judicem
854 1406 1084 1447 stantem.

352 1466 594 1515 SuLsellia

351 1530 625 1580 desiderant
644 1545 812 1581 vocem

352 1598 666 1661 grandiorem

355 1671 402 1712 et
424 1664 711 1727 pleniorem.

353 1729 482 1779 Volo
506 1731 598 1779 lroo
625 1730 878 1792 contingat

356 1797 557 1854 oratori,

359 1871 430 1919 ut,
456 1876 605 1924 quum
636 1860 861 1910 auditum
888 1861 951 1911 sit

360 1942 472 1975 eum
498 1928 741 1976 dicturum
764 1942 867 1978 esse

358 1993 494 2042 locus
517 2000 776 2055 occupetur

361 2059 411 2106 in
436 2058 698 2117 subselliis,

362 2125 579 2172 tribunal
608 2125 922 2189 compleatur,

360 2191 533 2240 scribae
552 2190 650 2238 sint
672 2191 873 2253 gratiosi

359 2257 416 2305 in
446 2255 605 2306 dando
625 2257 734 2306 loco

360 2331 409 2371 et
429 2322 662 2382 cedendo,

361 2404 542 2437 corona
562 2389 840 2454 multiplex,

359 2455 513 2521 judex
533 2463 742 2513 erectus·

362 2538 512 2600 quum
532 2523 595 2581 is,
621 2522 707 2586 qui
729 2522 948 2571 dicturus
970 2520 1055 2585 sit,

363 2590 538 2653 surgit,

358 2655 609 2704 silentium
630 2655 934 2721 significetur

359 2735 395 2768 a
415 2734 630 2787 eorona;

364 2786 538 2835 deinde
553 2788 850 2837 assensiones
868 2788 1069 2848 crebrae,

362 2852 709 2903 admirationes
731 2856 928 2920 multae,

365 2919 512 2980 risus,
537 2934 688 2983 quum
716 2921 861 2969 velit·
847 2955 863 2981 ‚

366 2984 527 3042 fletus,
562 3000 712 3048 quum
735 2985 873 3046 velit,

362 3060 437 3109 ut,
465 3052 549 3114 qui
573 3052 730 3101 videat
761 3051 868 3102 hoeo
908 3053 1097 3118 procul,

364 3117 556 3167 etiamsi
589 3118 773 3168 nesciat

367 3183 482 3245 quid
503 3192 696 3247 agatur,

368 3258 420 3298 at
447 3249 695 3316 intelligat
723 3257 886 3300 tamen

367 3316 572 3378 plaeere.

369 3390 417 3428 et
437 3380 663 3431 Roscium
688 3398 791 3433 esse
823 3384 877 3434 in
904 3398 1064 3435 scena.

370 3444 500 3495 Scito
522 3463 651 3508 eum,

367 3512 451 3559 cui
474 3512 578 3562 haee
610 3515 915 3580 contingant,

1136 353 1403 400 BRUTUS.
2050 391 2053 394 .
2073 340 2188 396 333

1134 485 1225 532 que
1251 483 1486 518 concours
1508 471 1638 519 avait
1658 470 1756 520 lieu

1135 537 1193 584 de
1212 544 1346 584 toute
1367 537 1418 583 la
1438 535 1606 595 Greoe,

1134 616 1256 663 pour
1281 602 1545 650 l’entendre

1132 668 1257 717 Mais
1280 668 1445 730 quand

1134 749 1213 783 ces
1234 735 1460 797 Attiques
1484 736 1690 797 parlent,

1134 816 1233 850 non
1247 801 1516 849 seulement
1534 802 1596 850 ils
1619 807 1729 850 sont
1750 802 2058 853 abandonnes

1134 879 1224 931 par
1245 866 1558 927 l’assemblee,

1137 948 1192 983 oe
1214 934 1301 996 qui
1324 943 1398 982 est
1413 937 1568 981 meme
1602 933 1879 996 miserable‚

1138 1001 1262 1048 mais
1285 1003 1442 1048 meme
1466 1015 1552 1064 par
1573 1003 1690 1047 leurs
1707 1000 1899 1048 olients.

1141 1064 1195 1113 C'
1194 1067 1541 1129 est-pourquoi
1563 1066 1605 1114 si
1629 1066 1789 1128 parler

1141 1128 1189 1176 d'
1190 1148 1284 1181 une
1307 1133 1546 1180 maniere-
1553 1133 1693 1180 seohe
1710 1140 1759 1182 et
1780 1131 1918 1181 aride

1140 1207 1212 1247 est
1229 1211 1525 1262 propre-aux
1549 1199 1792 1261 Attiques,

1140 1279 1206 1327 qu
1208 1265 1284 1313 ’ils
1303 1266 1459 1313 soient
1481 1264 1608 1314 dono
1626 1264 1878 1328 Attiques;

1142 1331 1266 1379 mais
1294 1331 1443 1393 qu’ils
1465 1332 1695 1380 viennent
1714 1346 1778 1380 au
1800 1330 2001 1387 comice,

1142 1398 1289 1460 qu’ils
1312 1398 1504 1460 par-lent
1523 1397 1700 1445 devant
1720 1398 1766 1445 le
1787 1398 1904 1461 juge
1928 1396 2107 1448 debout

1143 1463 1232 1513 Les
1256 1463 1459 1526 gradins
1484 1462 1571 1525 (du
1595 1464 1831 1526 tribunal)

1144 1529 1435 1579 demandent
1458 1544 1554 1577 une
1575 1530 1688 1578 voix

1144 1596 1434 1659 plus-eleves

1144 1670 1192 1709 et
1214 1662 1537 1725 plns-sonore.

1144 1728 1205 1779 Je
1220 1743 1349 1777 veux
1368 1743 1460 1791 que
1480 1729 1578 1777 ceci
1597 1728 1756 1777 arrive

1146 1797 1176 1843 a
1195 1796 1447 1853 l’orateur,

1145 1876 1257 1924 que,
1278 1862 1528 1924 lorsqu’on
1547 1877 1577 1910 a
1598 1860 1762 1925 appr-is

1146 1928 1219 1975 lui
1238 1928 1403 1975 devoir
1425 1928 1601 1990 parler,

1146 1994 1199 2041 la
1225 1994 1362 2057 place
1388 1995 1482 2043 soit
1502 1995 1708 2058 occupes

1150 2075 1234 2108 sur
1251 2061 1321 2108 les
1350 2060 1516 2117 banos,

1147 2127 1195 2175 le
1216 2127 1435 2175 tribunal
1457 2128 1550 2176 soit
1567 2126 1760 2190 templi,

1149 2192 1220 2240 les
1241 2191 1515 2264 greffiers
1477 2196 1635 2241 soient
1652 2193 1916 2258 empresses

1153 2260 1183 2306 a
1206 2258 1391 2308 donner
1415 2245 1515 2307 leur
1538 2261 1691 2323 place,

1154 2331 1203 2373 et
1230 2327 1259 2373 ‘a
1283 2329 1333 2372 la
1355 2326 1514 2386 ceder,

1154 2390 1432 2439 l’anditoire
1455 2395 1541 2440 soie
1565 2391 1856 2450 nomm-eux,

1153 2457 1243 2504 le'
1222 2472 1345 2520 Juge
1368 2457 1592 2522 attentis·

1155 2525 1322 2586 quand
1349 2524 1495 2580 celui,
1528 2523 1613 2587 qui
1632 2521 1735 2572 doit
1757 2522 1936 2585 parler,

1154 2604 1206 2638 se
1233 2590 1361 2648 leve,

1153 2670 1246 2718 qne
1269 2657 1315 2705 le
1338 2656 1517 2704 silence
1541 2656 1637 2703 soit
1666 2655 1874 2703 reclamo

1154 2738 1240 2786 par
1272 2723 1305 2770 1
1311 2722 1578 2788 auditoir03

1153 2791 1342 2837 ensuite
1361 2791 1548 2853 signes·
1527 2789 1601 2836 -(1’
1604 2787 1922 2852 approbation
1939 2786 2203 2849 fre'quents,

1151 2854 1486 2918 transports-d’
1489 2854 1782 2904 admiration
1805 2854 2102 2903 nombreux·
2088 2887 2103 2912 ,

1151 2923 1269 2983 rire,
1294 2921 1459 2990 quand
1482 2922 1520 2970 il
1540 2928 1684 2971 veut·
1672 2956 1686 2980 ,

1155 2990 1314 3051 pleur,
1335 2987 1498 3051 quand
1530 2989 1570 3038 il
1595 2995 1735 3046 veut,

1155 3070 1215 3102 en
1239 3061 1366 3104 sorte
1385 3068 1492 3116 que,
1513 3053 1664 3103 celui·
1644 3057 1755 3118 ·qui
1772 3054 1874 3103 voit
1890 3052 1997 3103 cela
2011 3050 2067 3101 de
2079 3051 2203 3108 loin,

1156 3120 1321 3183 quand
1339 3124 1494 3170 meme
1520 3121 1557 3169 il
1581 3121 1848 3185 ignor-erait

1155 3202 1209 3236 oe
1232 3187 1318 3249 qui
1339 3201 1390 3235 se
1411 3200 1568 3250 passe,

1156 3255 1279 3301 mais
1303 3268 1592 3315 comprenne
1613 3252 1881 3315 cependant

1157 3318 1426 3382 (l’orateur)
1448 3320 1622 3381 phire,

1157 3393 1204 3433 et
1226 3401 1292 3433 un
1321 3386 1524 3434 Roscius
1544 3388 1645 3435 etre
1664 3399 1748 3433 sur
1774 3385 1826 3433 la
1847 3385 2007 3432 scene.

1155 3450 1307 3500 Sache
1333 3452 1479 3508 celui,

1156 3519 1186 3565 a
1204 3518 1288 3581 qui
1309 3532 1362 3567 ee
1383 3518 1549 3567 succes
1569 3515 1750 3576 echon,
