2592 4084
456 336 566 393 132
1237 343 1505 391 saurus.

441 491 515 505 —
543 464 658 516 Imo
679 458 863 532 plane,
903 473 1147 531 mquam,
1186 462 1376 529 Brute,
1405 460 1559 531 legas
1587 474 1807 516 censeo.
1837 461 2112 515 Damnum
2141 457 2289 515 enim

443 542 595 598 illius
617 542 913 596 immaturo
942 541 1171 595 interitu
1198 556 1290 595 res
1319 555 1561 595 romanae
1582 540 1879 612 latinaeque
1906 539 2107 596 litterae
2135 540 2289 595 fece-

442 631 590 682 runt.
614 625 841 681 Utinam
855 640 964 680 non
983 629 1098 680 tam
1120 624 1281 680 fratri
1301 623 1582 694 pietatem,
1598 639 1765 695 quam
1783 624 1996 695 patriae,
2023 627 2288 693 praestare

440 708 730 767 voluisset!
770 724 938 781 quam
975 707 1069 763 ille
1106 706 1268 763 facile
1304 707 1405 761 tali
1447 707 1691 778 ingenio,
1729 706 1938 761 diutius
1965 706 2013 760 si
2046 705 2312 772 vixisset,

440 792 532 851 vel
566 797 855 866 paternam
897 797 1062 863 esset,
1104 790 1196 849 vel
1238 794 1446 847 avitam
1491 790 1730 862 gloriam
1764 790 2122 845 consecutus!
2172 789 2290 843 Elo-

441 877 669 950 quentia
691 876 916 949 quidem
944 876 1129 931 nescio
1163 891 1234 930 an
1260 874 1543 931 habuisset
1564 889 1755 946 parem
1779 872 2075 930 neminem.
2111 874 2290 928 Gran-

442 959 530 1015 dis
551 965 636 1016 est
657 959 861 1031 verbis„
888 958 1108 1030 sapiens
1133 957 1441 1029 sententiiS,
1465 972 1673 1028 genere
1699 961 1815 1013 toto
1842 956 2030 1029 gravis
2054 974 2067 1011 ε
2095 972 2292 1011 manus

441 1048 685 1100 extrema
710 1060 818 1100 non
843 1042 1074 1098 accessit
1095 1041 1355 1113 operibus
1381 1041 1536 1113 ejus3
1566 1040 1830 1112 praeclare
1858 1040 2112 1096 inchoata
2141 1040 2285 1095 mul-

439 1132 518 1191 ta,
557 1128 805 1198 perfecta
829 1142 938 1181 non
975 1125 1158 1196 plane.
1203 1124 1513 1196 LegenduS,
1553 1123 1804 1195 inquam,
1842 1129 1928 1179 est
1961 1122 2052 1177 hic
2083 1128 2285 1196 orator,

437 1214 625 1279 Brute,
651 1210 699 1265 si
720 1209 1015 1282 quisquam
1035 1208 1198 1279 aliuS,
1217 1206 1496 1278 juventuti
1520 1225 1534 1263 ε
1562 1222 1673 1262 non
1692 1207 1838 1262 enim
1857 1206 2042 1262 solum
2062 1222 2283 1278 acuere,

439 1295 540 1350 sed
565 1294 733 1350 etiam
763 1293 913 1349 alere
942 1292 1229 1364 ingenium
1257 1298 1454 1362 potest.

510 1376 651 1432 Huic
676 1377 943 1432 successit
973 1375 1120 1431 aetati
1145 1377 1208 1430 C.
1241 1375 1431 1445 Galba,
1462 1373 1642 1430 Servii
1668 1373 1821 1429 illius
1847 1373 2292 1445 eloquentissimi

438 1459 545 1517 viri
575 1459 744 1531 filius,
771 1461 835 1514 P.
873 1458 1057 1515 Crassi
1089 1458 1399 1530 eloquentis
1427 1463 1485 1513 et
1503 1458 1811 1530 jurisperiti
1846 1475 2041 1529 gener.
2081 1459 2290 1516 Lauda-

437 1542 571 1597 bant
597 1541 746 1598 hunc
777 1548 963 1614 patres
987 1542 1181 1614 nostri,
1211 1541 1474 1598 favebant
1508 1543 1675 1597 etiam
1702 1547 1931 1613 propter
1963 1542 2137 1613 patris
2169 1560 2289 1599 me-

438 1625 697 1698 moriam3
733 1625 834 1682 sed
870 1625 1071 1681 cecidit
1095 1625 1152 1681 in
1184 1641 1370 1681 cursu.
1403 1628 1543 1682 Nam
1568 1626 1853 1696 rogatione
1891 1625 2155 1696 Mamilia,
2184 1628 2290 1682 Ju-

474 1708 713 1764 urthinae
740 1708 1133 1780 conjurationis
1159 1708 1383 1780 invidia,
1417 1724 1587 1779 quum
1611 1724 1711 1779 pro
1736 1723 1856 1764 sese
1882 1707 2001 1779 ipse
2032 1707 2306 1775 dixisset„

441 1806 736 1862 oppressus
771 1796 875 1870 est,
907 1794 1093 1846 Exstat
1125 1791 1245 1862 ejus
1282 1790 1581 1861 peroratio,
1620 1790 1715 1865 qui
1744 1789 1995 1862 epilogus
2036 1790 2282 1848 dicitur:

440 1876 534 1948 qui
558 1881 712 1933 tanto
735 1876 794 1931 in
819 1876 1047 1946 honore,
1071 1875 1260 1947 pueris
1289 1874 1467 1947 nobiS,
1496 1881 1636 1948 erat,
1656 1881 1718 1930 ut
1739 1889 1865 1930 eum
1883 1873 2053 1930 etiam
2074 1874 2290 1932 edisce-

439 2073 535 2121 tns,
572 2064 767 2111 lisez-le
793 2077 907 2109 sans
927 2077 1072 2109 cesse.
1102 2063 1165 2110 Sa
1191 2072 1321 2111 mort
1345 2064 1645 2126 prematnree
1685 2062 1766 2111 fut
1790 2077 1889 2112 une
1921 2068 2056 2126 perte
2078 2078 2203 2126 pour
2232 2066 2285 2115 la

436 2142 720 2205 republiqne
752 2140 968 2187 romaine
999 2150 1048 2186 et
1080 2155 1203 2202 ponr
1233 2142 1305 2189 les
1338 2142 1503 2188 lettres
1534 2140 1730 2187 latines.
1772 2140 2024 2202 Pom-quoi
2061 2140 2285 2190 saluit-il

438 2218 559 2282 qu’il
586 2218 736 2266 aimat
763 2232 851 2265 son
874 2218 999 2266 frere
1019 2218 1129 2281 plus
1149 2233 1242 2281 que
1264 2233 1321 2266 sa
1342 2215 1533 2281 patrie?
1552 2219 1673 2280 qu’il
1696 2221 1779 2267 ent
1799 2220 1874 2269 ete
1906 2218 2052 2268 facile
2072 2221 2103 2267 a
2128 2236 2194 2268 nn
2218 2222 2285 2269 tel

436 2300 596 2363 genie,
631 2298 712 2346 s'il
733 2300 816 2345 ent
839 2302 957 2347 veen
978 2299 1091 2360 plus
1112 2299 1410 2362 longtemps,
1439 2297 1652 2361 d’egaler
1686 2297 1739 2345 la
1770 2298 1928 2362 gloire
1962 2297 2019 2346 de
2051 2313 2138 2347 son
2170 2299 2283 2362 pere

438 2393 503 2427 ou
533 2379 654 2427 celle
679 2378 736 2426 de
776 2394 865 2426 son
911 2378 1066 2426 aieul!
1095 2379 1354 2427 Peut-etre
1376 2379 1522 2441 qn’en
1556 2378 1820 2440 eloquence
1854 2379 1892 2427 il
1936 2378 2072 2426 n'esst
2100 2377 2280 2441 jamais

435 2459 606 2505 trouve
623 2472 860 2519 personne
893 2459 977 2519 qui
996 2459 1195 2521 l’egalfit
1218 2459 1484 2505 lui-meme.
1511 2456 1595 2507 See
1618 2457 1925 2520 expressions
1959 2464 2071 2506 sont
2091 2458 2277 2513 nobles,

435 2552 511 2585 scs
532 2539 730 2600 penedes
766 2538 960 2592 solides,
1003 2538 1281 2602 l’ensetpble
1315 2537 1373 2584 de
1406 2551 1460 2584 sa
1490 2537 1811 2599 composition
1842 2536 2104 2599 imposant.
2129 2537 2170 2585 11
2201 2538 2281 2585 n'a

434 2630 503 2678 pu
523 2624 694 2665 mettre
717 2619 766 2665 la
790 2617 1008 2664 derni'ere
1031 2618 1165 2664 main
1189 2618 1220 2663 a
1252 2631 1327 2663 ses
1358 2631 1618 2680 ouvrages.
1651 2615 1904 2664 Plusieurs
1927 2624 2039 2664 sont
2074 2616 2279 2664 d'admi-

434 2694 592 2742 rables
614 2694 869 2753 ebanches,
902 2695 986 2757 qni
1011 2696 1221 2742 seraient
1243 2694 1454 2742 devenus
1478 2694 1560 2743 des
1587 2694 1983 2744 chefs-d’oeuvre.
2012 2694 2128 2754 Oui,
2150 2696 2279 2745 Bru-

433 2781 532 2832 tus,
558 2773 600 2820 si
623 2787 693 2819 un
711 2781 904 2820 orateur
926 2774 1096 2819 merite
1117 2772 1264 2819 d’etre
1281 2773 1336 2819 lu
1359 2788 1446 2834 par
1468 2773 1521 2820 la
1538 2772 1778 2835 jeunesse,
1800 2773 1917 2821 c'est
1929 2775 1983 2823 C.
2007 2774 2275 2825 Gracchus.

433 2851 504 2899 La
533 2850 715 2899 lecture
748 2849 807 2898 de
831 2865 904 2898 ses
928 2849 1145 2899 discours
1168 2859 1282 2913 peut
1305 2856 1413 2898 tout
1436 2853 1467 2899 a
1483 2851 1534 2899 la
1561 2853 1653 2901 fois
1691 2853 1903 2966 aiguiser
1921 2854 1954 2900 l’
1959 2854 2110 2916 esprit
2130 2863 2178 2901 et
2201 2854 2279 2901 fe-

434 2928 612 2978 conder
633 2929 666 2976 l’
671 2928 1010 2991 imagination.

496 3009 651 3071 Apres
671 3007 744 3056 lui
765 3009 900 3055 vient
929 3007 1050 3055 dans
1077 3008 1110 3055 1’
1116 3007 1254 3055 ordre
1281 3006 1363 3056 des
1385 3018 1538 3071 temps
1560 3008 1617 3058 C.
1636 3007 1812 3067 Galba,
1832 3008 1911 3056 fils
1938 3009 1997 3057 de
2016 3010 2050 3056 l’
2053 3010 2279 3071 eloquent

433 3086 643 3144 Servius,
667 3092 717 3135 et
740 3088 920 3151 gendre
956 3088 1015 3135 de
1038 3088 1096 3134 P.
1123 3088 1341 3149 Crassus,
1367 3096 1562 3137 orateur
1582 3097 1631 3137 et
1642 3089 2004 3152 jurisconsulto.
2026 3089 2126 3138 Nos
2144 3091 2276 3153 peres

433 3166 705 3214 sstimaient
729 3181 816 3214 son
856 3167 1031 3224 talent3
1056 3167 1119 3214 ils
1146 3182 1169 3214 s
1170 3167 1521 3217 'interessaient
1539 3172 1695 3217 meme
1724 3171 1755 3217 a
1781 3183 1856 3217 ses
1889 3170 2072 3227 succes,
2089 3184 2148 3215 en
2170 3170 2277 3215 me-

430 3246 583 3293 mcire
616 3244 674 3292 de
701 3246 827 3293 celui
865 3245 983 3294 dont
1016 3246 1054 3296 il
1079 3248 1230 3295 tenait
1254 3247 1302 3296 le
1330 3247 1471 3310 joun
1493 3249 1617 3296 mais
1645 3249 1685 3296 il
1724 3248 1783 3298 fit
1807 3247 2047 3311 naufrago
2078 3249 2183 3296 loin
2211 3247 2277 3295 dn

429 3332 557 3387 port.
587 3322 777 3371 Aoouse
816 3324 1002 3387 d’apres
1038 3325 1089 3373 la
1112 3325 1179 3373 loi
1198 3325 1264 3373 dn
1287 3327 1454 3374 tribun
1478 3326 1725 3374 Mamilius
1747 3334 1914 3375 contre
1934 3328 2004 3374 les
2020 3326 2276 3388 complices

430 3402 489 3451 de
502 3403 772 3467 Jugurtha,
808 3405 847 3452 il
869 3420 920 3453 se
943 3404 1154 3454 defendit
1179 3406 1444 3464 lui-meme,
1492 3416 1538 3453 et
1573 3406 1649 3454 fut
1671 3408 1868 3455 immole
1900 3408 1929 3453 a
1959 3407 2009 3453 la
2036 3405 2182 3452 haine
2210 3403 2275 3452 du

433 3483 618 3546 peuple.
646 3483 782 3534 Nous
813 3501 962 3535 avons
996 3500 1051 3533 sa
1084 3487 1359 3550 peroraison
1391 3501 1579 3534 connne
1627 3501 1739 3535 sous
1776 3487 1821 3533 le
1852 3501 1963 3533 nom
2006 3484 2271 3544 d’e'piloauc.
