2592 4084
510 286 620 341 190
1300 296 1557 342 BRUTUS.

500 418 698 469 senatu
733 410 1108 468 consularium
1135 408 1523 466 auctoritatem
1546 410 1977 483 assequebatur;
2010 411 2112 467 sed
2136 411 2197 467 in
2226 427 2358 467 cau-

504 510 582 566 sis
607 508 848 581 publicis
879 506 1038 573 nihil,
1069 507 1127 563 in
1147 506 1383 579 privatis
1409 506 1543 562 satis
1570 511 1854 563 veterator
1881 508 2193 563 videbatur.

566 607 700 660 Erat
723 604 781 660 in
802 604 1036 676 privatis
1052 604 1236 660 causis
1260 605 1329 671 Q.
1347 603 1635 660 Lucretius
1662 603 1913 675 Vispillo,
1946 611 2001 660 et
2034 611 2255 673 acutae,
2309 612 2373 662 et

490 702 876 777 jurisperitus.
905 704 1050 759 Nam
1065 699 1284 773 Aphilia
1310 700 1670 757 concionibus
1693 701 1891 773 aptior,
1912 717 2083 774 quam
2103 701 2363 774 judiciis.

494 799 748 855 Prudens
790 800 956 855 etiam
993 802 1055 854 Τ.
1103 799 1314 854 Annius
1347 796 1557 862 Velina,
1602 800 1746 854 etin
1776 798 1898 873 ejus
1922 799 2148 873 generis
2171 799 2362 856 causis

495 901 681 953 orator
701 912 831 951 sane
869 895 1198 952 tolerabilis.
1237 898 1302 950 In
1334 894 1530 951 eodem
1553 911 1759 968 genere
1791 912 2084 952 causarum
2113 895 2360 952 multum

494 996 614 1048 erat
649 995 712 1048 T.
757 992 1071 1057 Juventius,
1109 991 1275 1046 nimis
1316 991 1413 1046 ille
1457 991 1683 1061 quidem
1719 990 1901 1047 lentus
1929 992 1987 1047 in
2014 991 2270 1060 dicendo,
2301 997 2363 1048 et

492 1106 651 1162 paene
687 1090 956 1161 frigidus;
1001 1090 1103 1145 sed
1132 1095 1187 1145 et
1233 1088 1488 1157 calliduS,
1533 1095 1591 1145 et
1636 1090 1693 1145 in
1720 1089 1988 1162 capiendo
2028 1091 2355 1147 adversario

494 1191 775 1253 versutuS,
803 1191 860 1241 et
878 1190 1154 1257 praeterea
1183 1201 1284 1241 nec
1314 1185 1590 1250 indoctuS,
1621 1191 1679 1242 et
1704 1201 1908 1257 magna
1931 1202 2059 1242 cum
2085 1185 2228 1259 juris
2275 1187 2358 1242 ci-

491 1284 619 1338 vilis
644 1282 1034 1355 intelligentia.
1061 1282 1232 1353 Cujus
1261 1282 1483 1337 auditor
1511 1284 1574 1337 P.
1600 1281 1823 1347 Orbius,
1843 1298 2004 1337 meus
2028 1284 2142 1337 sere
2173 1298 2358 1352 aequa·

490 1379 580 1443 lis,
618 1380 675 1434 in
714 1379 946 1435 dicendo
982 1395 1091 1435 non
1116 1377 1282 1434 nimis
1328 1378 1682 1442 exercitatuS,
1734 1377 1792 1433 in
1814 1376 1943 1448 jure
1971 1382 2156 1442 autem
2196 1377 2355 1434 civili

491 1492 598 1531 non
624 1476 869 1542 inferior,
899 1493 1069 1549 quam
1087 1476 1368 1547 magister,
1390 1474 1515 1531 fuit.
1542 1477 1684 1530 Nam
1709 1478 1772 1530 Τ.
1798 1474 2073 1540 Aufidiae,
2100 1467 2358 1548 quivixit

489 1573 560 1628 ad
600 1588 874 1628 summam
914 1578 1274 1638 senectutem,
1315 1572 1534 1629 volebat
1569 1588 1692 1628 esse
1717 1572 1916 1628 similis
1945 1572 2165 1638 horum,
2190 1580 2354 1629 erat-

488 1685 596 1741 que
639 1676 697 1726 et
720 1670 897 1726 bonus
926 1669 1035 1735 vir,
1060 1675 1117 1725 et
1143 1669 1423 1738 innocens,
1453 1667 1554 1723 sed
1576 1666 1795 1724 dicebat
1812 1684 2031 1740 parum.
2071 1672 2185 1725 Nec
2212 1686 2353 1726 sane

487 1766 612 1839 plus
637 1766 809 1823 frater
842 1768 963 1840 ejus
989 1769 1066 1822 M.
1106 1763 1390 1837 Virgilius,
1432 1766 1527 1837 qui
1567 1765 1825 1821 tribunus
1860 1764 2043 1839 plebis
2083 1769 2145 1821 L.
2177 1766 2352 1823 Sullae

486 1980 670 2043 egalait
701 1976 821 2025 celle
861 1975 944 2024 des
976 1973 1198 2022 hommes
1247 1971 1564 2021 consulaires.
1610 1972 1713 2021 Peu
1763 1989 1937 2037 propre
1982 1990 2079 2022 aux
2130 1975 2350 2038 grandes

486 2086 670 2127 causes,
713 2071 751 2117 il
788 2068 1035 2116 defendait
1074 2082 1189 2115 avec
1229 2081 1360 2114 assez
1400 2067 1642 2115 d'adresse
1673 2076 1723 2115 et
1749 2068 1808 2116 de
1841 2070 1995 2116 taient
2023 2071 2095 2117 les
2127 2069 2334 2117 interets

486 2166 662 2228 prives.

550 2255 612 2317 Q.
639 2251 895 2303 Lucretius
918 2251 1128 2315 Vispillo
1167 2251 1369 2314 portsit,
1398 2251 1520 2298 dans
1558 2251 1605 2299 lo
1631 2254 1785 2298 meme
1810 2265 1955 2315 genre
1979 2250 2038 2298 de
2058 2250 2344 2314 plaidoirie,

483 2350 732 2410 beaucoup
767 2346 826 2393 de
855 2343 1025 2393 finesse
1045 2350 1093 2392 et
1120 2343 1179 2391 de
1204 2344 1559 2391 connaissance
1589 2343 1671 2390 des
1693 2343 1805 2391 lois.
1839 2341 2036 2404 Aphilia
2059 2343 2347 2394 reussissait

481 2445 648 2493 mienx
671 2445 701 2489 ὲ.
727 2442 777 2489 la
809 2441 1004 2489 tribune
1037 2438 1186 2500 qn’au
1206 2437 1430 2484 bari-ean.
1467 2435 1533 2484 Τ.
1570 2436 1781 2493 Annius,
1818 2435 1876 2483 de
1898 2436 1947 2481 la
1969 2435 2105 2483 tribu
2131 2435 2340 2498 velint,

481 2539 599 2585 etait
637 2551 705 2583 un
738 2534 934 2581 homme
963 2529 1156 2586 eclaire,
1198 2539 1247 2577 et
1284 2544 1353 2576 un
1396 2534 1592 2576 orateur
1622 2528 1875 2577 estimable
1898 2528 2018 2576 dans
2048 2528 2132 2577 des
2167 2545 2341 2581 causes

481 2628 832 2691 particulieres.
862 2624 924 2673 Τ.
964 2622 1227 2673 Juventius
1257 2621 1381 2667 etait
1402 2621 1535 2667 aussi
1558 2621 1657 2669 fort
1678 2622 1901 2685 employe
1934 2621 2057 2668 dans
2077 2622 2147 2670 les
2168 2627 2340 2685 proo'es

482 2720 540 2768 de
559 2726 682 2768 cette
703 2720 869 2781 espece
894 2728 909 2760 ι
934 2731 1023 2764 son
1043 2715 1173 2763 debit
1195 2715 1327 2761 avait
1352 2715 1556 2777 quelque
1577 2713 1723 2763 chose
1748 2713 1806 2763 de
1829 2724 2000 2778 pesant
2020 2722 2068 2763 et
2099 2715 2157 2763 de
2178 2716 2333 2775 froid;

479 2814 605 2860 mais
628 2812 667 2860 il
689 2811 808 2858 etait
822 2810 954 2867 ruse,
974 2808 1137 2855 habile
1159 2809 1189 2855 ὲ
1209 2807 1498 2869 surprendre
1530 2823 1598 2857 un
1617 2807 1924 2866 adversaire3
1945 2822 2006 2856 en
2029 2816 2167 2856 outre
2200 2809 2239 2856 il
2268 2824 2337 2858 ne

480 2902 734 2966 manquait
757 2916 841 2963 pas
865 2900 921 2946 cle
947 2899 1331 2953 connaissances,
1358 2904 1405 2946 et
1421 2897 1459 2946 il
1493 2898 1740 2947 entendait
1772 2897 2111 2961 parfaitement
2132 2899 2178 2946 le
2203 2897 2337 2947 droit

479 2995 610 3043 civil.
648 2993 730 3043 Un
758 2991 817 3041 ‹le
840 3006 915 3039 ses
954 2989 1193 3052 disciples‚
1221 2990 1280 3039 P.
1308 2989 1510 3052 Orbius,
1551 2993 1582 3039 ὸ,
1603 3006 1695 3054 peu
1722 2991 1831 3054 pres
1853 2990 1919 3044 du
1951 2993 2107 3037 meme
2127 2992 2218 3053 fige
2237 3004 2336 3052 que

479 3091 597 3148 moi,
634 3088 804 3138 n’etait
823 3102 910 3152 pas
932 3088 1223 3136 tres-exerce
1245 3089 1275 3136 a
1294 3088 1458 3151 parler
1483 3103 1542 3136 en
1561 3087 1725 3151 public
1736 3101 1752 3148 ;
1776 3086 1903 3135 mais
1923 3086 2046 3134 dans
2069 3087 2120 3134 la
2142 3086 2332 3135 scienoe

480 3182 547 3229 du
569 3182 718 3240 droit,
742 3182 782 3228 il
810 3182 872 3228 ne
893 3181 940 3228 le
958 3179 1117 3227 eedait
1137 3180 1407 3228 nnllement
1433 3182 1463 3227 a
1484 3195 1572 3228 son
1602 3182 1792 3226 maltro.
1818 3176 1951 3226 Pour
1978 3177 2041 3226 Τ.
2078 3157 2327 3237 Aufidius,

479 3276 564 3338 qui
594 3289 625 3320 a
645 3275 762 3321 νόου
782 3273 983 3336 jusqu'b.
1013 3286 1106 3319 une
1139 3275 1351 3321 extreme
1368 3272 1618 3330 vieillesse,
1648 3270 1686 3318 il
1710 3268 1913 3332 aspirait
1930 3272 1961 3317 a
1995 3270 2102 3317 leur
2121 3282 2334 3317 rossem-

479 3368 599 3416 bler.
626 3366 800 3416 C'etait
832 3380 900 3412 un
923 3365 1118 3413 homme
1150 3365 1358 3414 honnsste
1393 3372 1442 3413 et
1463 3362 1850 3426 irreprochab103
1875 3363 1999 3410 mais
2021 3361 2060 3409 il
2090 3362 2209 3409 etait
2232 3374 2350 3425 peu.

482 3460 666 3509 disertz
698 3473 788 3507 son
808 3457 950 3517 frere,
976 3458 1045 3507 M.
1083 3458 1344 3523 Virgilius,
1368 3458 1471 3520 qui,
1492 3458 1625 3504 etant
1651 3454 1817 3503 tribun
1842 3454 1908 3503 du
1926 3455 2117 3519 peuple,
2144 3454 2243 3504 cita
2263 3468 2327 3502 en
