2592 4084
414 263 533 320 390
921 301 945 337 ἲ
1212 272 1473 319 murus·

408 382 521 439 tuis
542 379 888 439 suavissimis
905 379 1110 437 litteris
1128 395 1145 451 ς
1168 379 1372 453 quibus
1388 396 1480 437 me
1501 379 1633 436 forti
1647 379 1832 437 animo
1856 395 1977 437 esse
2004 386 2264 453 oportere

408 477 690 545 censebas,
715 475 866 550 quod
891 492 960 534 ea
979 477 1301 551 gessissem,
1327 494 1454 551 quae
1476 477 1547 535 de
1574 494 1686 550 me,
1708 478 1883 535 etiam
1900 494 1990 536 me
2017 484 2265 553 tacente,

408 574 531 647 ipsa
545 573 924 647 loquerentur,
955 578 1307 648 mortuoque,
1332 575 1586 632 viverent
1611 593 1626 647 ;
1652 591 1797 648 quae,
1837 574 1886 631 si
1913 580 2065 632 recte
2093 583 2264 647 esset,

407 665 590 723 salute
608 663 927 739 reipublicae
943 680 958 736 3
986 665 1073 722 sin
1102 682 1284 737 secuS,
1309 664 1534 722 interitu
1550 664 1691 738 ipso,
1712 665 2090 723 testimonium
2108 682 2263 723 meo·

407 778 533 820 rum
559 762 630 820 de
657 762 945 835 republica
973 762 1329 820 consiliorum
1367 762 1581 820 darent.

473 858 679 915 XCVII.
710 856 821 914 Sed
859 856 917 912 in
938 861 995 913 te
1030 856 1272 929 intuens,
1302 858 1494 927 Brute,
1532 854 1725 927 dole03
1756 855 1917 929 cujus
1943 856 2001 912 in
2047 856 2266 914 adoles—

405 952 665 1026 centiam,
690 968 792 1027 per
809 952 1023 1010 medias
1039 952 1236 1009 laudes
1256 952 1418 1026 quasi
1438 950 1726 1026 quadrigis
1744 953 2064 1026 vehentem,
2082 960 2268 1011 trans:

404 1063 568 1106 versa
592 1048 825 1105 incurrit
849 1047 1053 1105 misera
1080 1048 1300 1105 fortuna
1326 1047 1686 1121 reipublicae3
1729 1048 1820 1105 hic
1848 1064 1939 1106 me
1967 1050 2128 1107 dolor
2157 1068 2259 1106 an-

403 1144 505 1219 git,
535 1144 656 1202 haec
676 1160 768 1201 me
795 1159 929 1202 cura
947 1144 1224 1218 sollicitat,
1254 1149 1312 1201 et
1333 1144 1482 1200 hunc
1500 1161 1741 1216 mecum,
1764 1145 1976 1203 socium
2006 1146 2261 1219 ejusdem

405 1249 464 1301 et
488 1242 694 1300 amoris
720 1248 779 1300 et
799 1240 1017 1314 judicii.
1067 1242 1191 1298 Tibi
1216 1242 1510 1314 favemus;
1540 1248 1595 1299 te
1623 1248 1718 1299 tua
1733 1242 1844 1298 frui
1867 1243 2073 1300 virtute
2098 1245 2260 1317 cupi-

405 1359 528 1399 mus
556 1360 572 1412 ;
596 1341 695 1398 tibi
723 1346 978 1414 optamus
1011 1356 1136 1398 eam
1164 1339 1587 1414 rempublicam,
1606 1341 1664 1397 in
1692 1356 1802 1415 qua
1831 1340 2070 1397 duorum
2089 1358 2263 1414 gene·

404 1456 530 1497 rum
552 1439 1024 1512 amplissimorum
1051 1455 1321 1496 renovare
1348 1438 1678 1496 memoriam
1696 1443 1861 1511 atque
1888 1453 2099 1511 augere
2125 1453 2255 1510 pos-

401 1534 499 1591 sis.
523 1538 700 1593 Tuum
731 1537 880 1594 enim
905 1537 1111 1608 forum,
1142 1542 1300 1592 tuum
1330 1540 1452 1592 erat
1470 1533 1611 1591 illud
1635 1534 1974 1592 curriculum
1996 1551 2010 1601 ;
2035 1543 2097 1591 tu
2121 1533 2258 1591 illuc

401 1648 638 1691 veneras
688 1650 850 1706 unus,
883 1635 1107 1707 quinon
1131 1633 1374 1706 linguam
1404 1631 1569 1690 modo
1594 1632 1841 1689 acuisses
1867 1633 2256 1689 exercitatione

398 1853 694 1904 m’exhortez
722 1855 754 1903 s
773 1854 983 1919 prendre
1006 1869 1239 1921 contege,
1262 1854 1386 1904 <isne
1408 1855 1463 1903 la
1495 1855 1666 1918 penses
1697 1868 1791 1917 que
1809 1854 1902 1917 j’ai
1934 1854 2025 1903 fait
2052 1854 2138 1904 des
2167 1871 2262 1906 ac-

397 1946 529 1998 tions
553 1949 637 2013 qui
668 1949 917 2012 perleront
957 1948 1016 1999 de
1043 1949 1145 1998 moi
1178 1947 1369 2011 malgre
1397 1962 1515 1996 mon
1551 1947 1747 2006 silence,
1775 1948 1861 2010 qui
1894 1948 2090 1997 vivi-ont
2116 1950 2259 2011 apres

398 2056 482 2091 ma
516 2048 662 2101 mort,
693 2049 742 2091 et
776 2042 860 2105 qui
881 2056 970 2105 per
997 2042 1045 2090 le
1080 2041 1211 2090 sslut
1245 2039 1307 2089 de
1337 2041 1506 2101 l’Etet‚
1533 2040 1576 2089 si
1603 2025 1757 2090 reim
1787 2045 1860 2089 est
1894 2019 2064 2098 seuve,
2090 2054 2181 2103 par
2201 2056 2259 2090 sa

397 2142 548 2197 perte,
573 2133 650 2182 s'il
684 2148 748 2182 ne
775 2134 883 2183 l’est
904 2147 1010 2197 pas,
1036 2132 1322 2197 deposeront
1348 2135 1379 2182 ὲ
1403 2132 1580 2198 jamnis
1613 2147 1672 2183 en
1715 2133 1887 2182 favour
1916 2131 1978 2182 de
2012 2147 2096 2182 ma
2131 2147 2256 2182 eon-

399 2226 534 2274 duite
557 2226 808 2289 politique.

461 2318 596 2370 XCV
596 2317 663 2368 11.
696 2317 823 2368 Mais
847 2318 900 2382 je
927 2331 1039 2367 sens
1070 2332 1152 2366 ma
1177 2316 1385 2367 douleur
1412 2330 1465 2366 se
1486 2315 1708 2365 reveiller
1740 2330 1801 2364 en
1830 2314 1989 2378 jetant
2017 2316 2088 2364 les
2113 2331 2249 2378 yeux

398 2427 485 2463 sur
513 2427 651 2468 vous.
685 2411 890 2472 Brutus,
934 2416 983 2460 et
1013 2425 1074 2461 en
1111 2418 1322 2475 pensant
1352 2423 1446 2473 que
1479 2408 1601 2458 dans
1631 2414 1755 2458 cette
1786 2408 1994 2457 cari-iere
2019 2409 2085 2456 οὰ
2113 2415 2253 2456 votre

395 2506 620 2569 jeunesse
650 2503 841 2553 coursit
871 2501 930 2553 <ie
966 2505 1130 2552 succes
1159 2517 1224 2552 en
1257 2504 1452 2562 succes,
1488 2507 1624 2551 votre
1662 2499 1784 2551 char
1813 2500 2076 2549 victorienx
2104 2514 2135 2545 a
2171 2501 2251 2549 ete

398 2600 552 2646 strete
582 2602 691 2646 tout
727 2600 758 2645 a
792 2611 918 2660 coup
951 2610 1054 2661 par,
1070 2596 1123 2644 la
1151 2594 1494 2643 malheureuee
1526 2592 1742 2642 destinee
1771 2591 1829 2641 de
1856 2592 1906 2639 la
1936 2590 2249 2653 republique.

396 2688 546 2736 Voils
570 2687 618 2738 le
644 2687 772 2752 sujet
803 2687 861 2736 de
887 2701 970 2735 ma
1001 2686 1224 2744 douleur,
1260 2686 1392 2734 voils.
1417 2686 1469 2733 la
1498 2700 1645 2735 cause
1675 2684 1735 2733 de
1765 2700 1863 2733 mes
1889 2684 2068 2745 soucis,
2109 2697 2161 2733 et
2193 2685 2256 2737 <ie

398 2791 521 2825 ceux
558 2777 803 2826 d’Attieus
818 2814 832 2836 ‚
878 2778 963 2839 qui
1002 2784 1205 2840 pertago
1242 2791 1359 2826 mon
1400 2776 1573 2825 estime
1612 2784 1663 2827 et
1702 2791 1818 2826 mon
1860 2775 2088 2826 affection
2127 2792 2256 2841 pour

397 2886 536 2919 vous.
574 2870 713 2918 Voue
748 2871 848 2918 &tes
880 2870 1052 2934 l’objet
1089 2870 1147 2918 de
1175 2874 1285 2919 tout
1321 2877 1462 2919 notre
1496 2869 1700 2930 iuthi-etz
1738 2885 1867 2920 nous
1907 2868 2127 2920 desii-ons
2159 2885 2253 2935 que

398 2979 519 3014 vous
546 2961 819 3013 recueilliez
850 2962 921 3010 les
952 2962 1099 3011 fruits
1135 2962 1193 3010 de
1225 2970 1364 3013 votre
1394 2970 1567 3022 vertuz
1609 2977 1733 3013 noue
1769 2962 1957 3012 fsisons
1987 2961 2070 3013 des
2102 2978 2249 3012 voeux

396 3072 521 3119 pour
553 3070 648 3120 que
681 3055 817 3104 l’etat
854 3054 914 3102 de
945 3054 997 3103 la
1030 3053 1317 3118 republique
1355 3069 1474 3104 vous
1509 3062 1742 3118 permette
1775 3070 1846 3103 un
1881 3055 1996 3120 jour
2030 3055 2089 3103 de
2125 3056 2253 3106 seire

396 3149 582 3197 revivre
607 3158 655 3196 et
678 3148 1012 3212 d'augmenter
1034 3164 1213 3198 encore
1240 3150 1290 3199 la
1320 3150 1479 3215 gleire
1509 3150 1569 3198 de
1593 3148 1721 3198 deux
1756 3150 1976 3216 illustres
2009 3151 2249 3199 maisons.

396 3241 534 3290 Voss
566 3240 730 3290 devies
764 3243 940 3305 regnet
971 3257 1036 3291 au
1072 3242 1263 3300 forum3
1302 3250 1425 3291 cette
1452 3243 1662 3304 carriere
1692 3242 1815 3290 etait
1845 3242 1899 3290 la.
1931 3242 2092 3299 voti-ez
2122 3257 2187 3291 en
2218 3259 2255 3305 y

395 3339 613 3392 enti-ant,
649 3348 769 3382 vous
802 3335 889 3398 n’y
920 3349 1036 3385 avez
1069 3352 1155 3399 pas
1191 3336 1460 3385 seulement
1490 3336 1713 3398 apperte,
1745 3349 1937 3384 comme
1970 3342 2083 3384 tant
2114 3335 2257 3384 d’au·

397 3430 514 3484 tres,
537 3429 658 3474 cette
680 3425 862 3477 facilit&
882 3427 941 3478 de
962 3430 1143 3493 parler,
1173 3430 1258 3492 qui
1280 3436 1355 3479 est
1375 3430 1422 3477 le
1442 3429 1566 3478 sruit
1591 3430 1649 3478 de
1672 3430 1954 3487 l’exercice;
1985 3430 2105 3479 chez
2130 3446 2256 3480 vous
