2592 4084
1198 461 1466 506 BRUTUS.
2136 450 2242 506 181

397 582 453 632 C.
481 582 772 631 Rusticellus
791 575 1130 639 Bononiensis,
1191 577 1246 630 G.
1276 577 1571 626 Rusticellus
1597 576 1653 623 de
1676 578 1910 640 Bolngne,

397 652 441 697 is
471 649 664 712 quidem
688 660 734 695 et
753 647 1066 703 exercitatus,
1189 644 1261 691 lui
1286 651 1438 691 certes
1462 653 1509 690 et
1531 648 1697 691 exerce

400 725 448 763 et
469 715 697 762 volubilis
723 721 916 760 natura.
1190 722 1237 756 et
1272 710 1522 758 abondant
1537 711 1916 758 naturellement

398 781 460 829 Τ.
484 782 712 828 Betucius
743 786 903 827 autem
932 778 1132 832 Barrus,
1189 777 1313 823 ‘Mais
1333 778 1393 824 T.
1411 777 1849 835 BetuciusBarrus,

399 848 700 902 Asculanus,
1192 843 1500 898 d'Asculum,

399 916 542 974 cujus
565 915 750 975 aliquot
770 910 1014 960 orationes
1190 910 1307 957 dont
1342 910 1572 970 quelques
1592 907 1809 955 discours

398 980 582 1027 habitae
606 988 720 1025 sunt
744 979 931 1036 Asculi,
1191 985 1275 1023 out
1301 978 1374 1023 e'te'
1391 975 1659 1038 prononces
1674 977 1703 1021 a
1722 975 1977 1035 Asculum,

397 1047 821 1108 eloquentissimus
851 1042 1070 1091 omnium
1189 1045 1262 1101 fut
1288 1044 1331 1090 le
1348 1043 1459 1104 plus
1476 1043 1703 1102 eloquent
1728 1040 1787 1087 de
1808 1049 1919 1090 tous

400 1120 539 1160 extra
561 1113 688 1158 hanc
711 1112 879 1158 urbem
905 1128 919 1166 ς
1188 1124 1248 1155 en
1273 1109 1447 1155 dehors
1469 1108 1528 1154 de
1546 1114 1667 1154 cette
1687 1108 1801 1154 ville
1823 1125 1839 1167 ς

398 1178 486 1225 illa
499 1175 1133 1238 RomaecoutraCaepionem
1189 1176 1316 1222 celui
1339 1178 1424 1234 fait
1454 1177 1483 1221 a
1501 1174 1651 1221 Rome
1673 1182 1838 1220 contre
1856 1173 2034 1236 Cepion

396 1245 576 1291 nobilis
596 1260 728 1300 sane,
1188 1252 1250 1288 esc
1268 1242 1455 1289 celebre
1473 1241 1792 1299 assuremeut‚

399 1312 475 1358 cui
500 1312 710 1358 orationi
1188 1309 1365 1373 auquel
1396 1308 1614 1355 discours

398 1373 557 1425 AElius
583 1376 830 1439 respondit
1189 1376 1333 1423 Elius
1358 1374 1584 1437 re'pondit

398 1458 478 1490 ore
501 1444 741 1504 Caepionis
763 1461 777 1499 ς
1191 1457 1276 1502 par
1297 1443 1347 1487 la
1370 1441 1560 1489 bouche
1594 1439 1653 1486 de
1676 1439 1851 1502 Capiet]
1873 1456 1886 1497 ς

397 1512 477 1571 qui
501 1510 795 1571 scriptitavit
1189 1508 1383 1555 celui-ci
1407 1521 1634 1569 composa

397 1578 578 1623 multas
601 1576 860 1630 orationes,
1188 1572 1663 1636 un-grand-nombre
1689 1571 1745 1619 de
1770 1571 2007 1630 discours,

396 1642 497 1704 ipse
528 1643 623 1689 fuit
646 1656 895 1703 nunquam
921 1645 1100 1689 orator.
1186 1642 1439 1687 lui-meme
1458 1656 1518 1688 ne
1537 1640 1611 1686 fut
1629 1639 1806 1701 jamais
1829 1646 2040 1686 orateur.

395 1710 544 1770 Apud
565 1717 729 1755 autem
1014 1763 1017 1774 Α
1187 1707 1311 1754 Mais
1336 1707 1451 1754 chez

396 1782 588 1823 nostros
614 1777 822 1835 majores
1186 1789 1275 1821 nos
1295 1778 1510 1821 ancetres

399 1841 535 1888 video
561 1842 615 1889 L.
645 1842 894 1903 Papirium
1184 1841 1237 1901 je
1254 1843 1361 1888 vois
1384 1840 1440 1887 L.
1464 1839 1691 1901 Papirius

394 1906 759 1968 Fregellanum,
792 1922 855 1955 ex
872 1906 1032 1966 Latio,
1190 1906 1249 1953 de
1277 1905 1539 1969 Fregelles,
1568 1905 1689 1952 dans
1710 1907 1756 1955 le
1778 1906 1994 1961 Latium,

397 1973 502 2018 fere
524 1981 664 2019 aetate
1189 1988 1393 2034 presque
1415 1972 1472 2019 de
1497 1973 1620 2034 l’age

397 2038 509 2085 Tib.
537 2038 768 2097 Gracchi,
1193 2038 1250 2085 de
1272 2040 1384 2086 Tib.
1421 2037 1692 2096 Gracchus,

396 2101 491 2150 filii
515 2105 693 2161 Publii,
1189 2103 1267 2150 fils
1293 2106 1349 2151 de
1382 2105 1602 2164 Publius,

397 2167 620 2217 habitum
645 2169 1011 2219 disertissimum
1030 2188 1043 2223 ς
1191 2173 1637 2233 avoir-passe-pour
1664 2172 2041 2233 tres-eloquent:

398 2235 555 2283 oratio
575 2238 720 2283 etiam
744 2234 847 2294 ejus
879 2242 967 2292 est,
1189 2236 1237 2282 le
1261 2238 1476 2284 discours
1496 2242 1648 2284 meme
1670 2239 1729 2285 de
1756 2239 1828 2285 lui
1852 2237 2061 2285 subsiste

394 2302 563 2348 habita
596 2305 643 2348 in
671 2308 858 2356 senatu,
1190 2307 1434 2364 prononca
1456 2304 1577 2351 dans
1600 2306 1646 2351 le
1667 2309 1805 2351 senat

392 2383 483 2428 pro
516 2369 821 2432 Fregellanis
1192 2384 1315 2429 pour
1339 2371 1408 2416 les
1432 2370 1715 2432 Fregellaus

395 2435 698 2496 coloniisque
726 2434 932 2482 Latinis.
1192 2442 1239 2483 et
1270 2436 1338 2482 les
1373 2437 1587 2483 colonias
1613 2437 1830 2483 Latines.

460 2527 526 2535 —-—
549 2502 674 2548 Tum
699 2502 900 2554 Brutus,
1256 2528 1323 2536 —-
1358 2503 1504 2550 Alors
1525 2502 1727 2559 Brutus,

394 2565 524 2625 Quid
546 2575 598 2614 tu
632 2568 808 2614 tribuis
831 2566 986 2627 igitur
1190 2565 1316 2627 Quel
1339 2569 1508 2615 me'rite
1527 2571 1594 2615 toi
1622 2568 1941 2616 attribues-tu
1970 2569 2095 2616 done

389 2633 498 2679 istis
517 2635 792 2681 oratoribus
1189 2637 1219 2679 a
1253 2649 1332 2682 ces
1352 2644 1572 2681 orateurs

392 2701 530 2761 quasi
556 2698 808 2747 externis?
1188 2702 1633 2762 en·quelque-sorte
1656 2696 1940 2764 etrangers?

393 2791 459 2799 —
483 2764 611 2824 Quid
638 2781 820 2825 censes,
841 2767 1061 2827 inquam,
1253 2794 1322 2803 —
1343 2768 1522 2829 Lequel
1553 2778 1816 2830 penses-tu,
1846 2766 2006 2830 dis-je,

392 2832 488 2877 nisi
520 2831 664 2888 idem,
1188 2834 1229 2879 si
1253 2849 1308 2881 ce
1326 2835 1451 2879 n'est
1477 2835 1520 2880 le
1541 2838 1715 2892 meme,

390 2896 523 2957 quod
549 2899 772 2958 urbanis,
1186 2913 1282 2960 ‘qne
1310 2915 1407 2946 aum
1424 2909 1626 2947 orateur-3
1657 2900 1956 2958 deda—ville,

392 2973 567 3024 praeter
603 2980 774 3023 unum,
1187 2967 1304 3013 sauf
1320 2968 1563 3023 cela-seul,

394 3030 524 3089 quod
561 3032 716 3077 oratio
740 3045 908 3076 eorum
1187 3047 1277 3092 que
1297 3033 1342 3078 le
1372 3035 1581 3095 langage
1611 3032 1754 3079 d'eux

392 3110 492 3141 non
518 3103 590 3141 est
617 3098 756 3156 quasi
778 3097 992 3144 colorata
1186 3098 1310 3143 ii’est
1333 3114 1417 3160 pas
1450 3113 1636 3145 comme
1664 3099 1822 3145 colore

391 3160 602 3222 quadam
626 3163 924 3211 urbanitate.
1186 3178 1273 3224 par
1301 3180 1395 3210 une
1413 3175 1545 3211 sorte
1565 3164 1844 3211 d'urbanits

384 3253 445 3264 -·-
474 3227 538 3275 Et
567 3227 766 3284 Brutus,
1250 3259 1318 3269 —
1350 3230 1413 3277 Et
1433 3231 1632 3284 Brutus,

394 3293 490 3352 Qui
516 3300 588 3340 est
609 3295 822 3350 tandem,
860 3292 1038 3356 inquit,
1188 3295 1309 3354 Quel
1336 3303 1408 3342 est
1431 3296 1579 3349 enfin,
1607 3296 1763 3355 dit-il,

393 3360 485 3405 iste
512 3361 646 3407 color
670 3358 1001 3408 urbanitatis?
1187 3377 1240 3408 ce
1265 3362 1440 3410 coloris
1466 3362 1771 3411 d'urbanite?

393 3449 456 3459 ——
472 3425 667 3483 Nescio,
696 3428 899 3487 inquam
917 3447 931 3491 3
1250 3453 1321 3463 —
1342 3428 1402 3476 δε
1425 3429 1650 3490 Pignore,
1678 3429 1851 3492 dis-je3

395 3499 585 3538 tantum
608 3494 708 3539 scio
732 3491 990 3554 quemdam
1010 3506 1130 3539 esse.
1184 3494 1450 3539 seulement
1472 3496 1520 3555 je
1544 3497 1642 3541 sais
1665 3494 1786 3557 qu’il
1820 3509 1854 3555 y
1889 3509 1948 3541 en
1980 3508 2009 3539 a
2035 3508 2119 3540 un.

397 3554 477 3603 Tu
492 3559 735 3621 intelliges
751 3560 854 3619 jam
871 3558 942 3612 id,
962 3559 1129 3615 Brute,
1188 3559 1265 3605 Tu
1289 3560 1626 3620 comprendras
1645 3562 1830 3606 bient6t
1858 3561 1976 3610 cela,
2003 3559 2204 3618 Brutus,

395 3636 548 3680 quum
584 3626 773 3671 ‘veneris
808 3625 861 3669 in
900 3624 1132 3671 Galliam.
1189 3625 1355 3685 quand
1379 3635 1431 3671 tu
1457 3641 1587 3671 seras
1617 3641 1741 3671 venu
1766 3640 1824 3671 en
1846 3625 2017 3673 Gaule.
