2592 4084
329 431 716 488 minuimrdiam
739 447 753 479 ε

326 505 391 547 ut
416 498 543 546 illud
565 498 809 546 videretur
841 510 1010 544 verum

330 566 385 613 in
401 566 510 622 illo,
536 563 666 627 quod
691 564 851 613 ferunt

329 630 709 679 Demosthenem
724 630 1028 693 respondisse

330 698 377 745 ei
399 698 487 759 qui
509 697 805 759 quoesivisaet

330 764 457 825 quid
493 771 617 812 esset
655 763 866 826 primum

331 831 389 877 in
431 829 655 889 dicendo,

331 896 599 952 aetionemz

332 962 453 1023 quid
478 961 761 1019 seeundum,

330 1027 480 1082 idem.

332 1102 384 1142 et
405 1095 533 1141 idem
557 1097 777 1142 tertium.

331 1159 485 1209 Nulla
504 1175 579 1209 res

331 1236 552 1288 penetrat
572 1227 733 1290 magis
754 1226 807 1274 in
830 1226 1020 1274 animos

330 1307 509 1355 eosque
518 1292 678 1356 fingit,
690 1294 888 1352 format,
905 1292 1073 1349 flectit,

331 1358 544 1422 facitque
566 1368 782 1408 oratores

334 1425 487 1472 videri
509 1428 629 1474 tales

333 1493 500 1554 quales
522 1492 613 1554 ipsi
638 1493 811 1540 volunt
829 1505 882 1539 88
901 1489 1073 1539 videri.

398 1557 498 1607 Alii
522 1559 747 1607 dicebant
767 1559 820 1608 L.
847 1557 1076 1607 Crassum

334 1638 440 1672 esse
463 1639 625 1687 parem
656 1624 791 1683 huie,

330 1690 418 1738 alii
439 1693 810 1753 anteponebant.

330 1754 517 1805 Omnes
539 1770 667 1805 eerte

328 1822 620 1885 judicabant
633 1824 756 1871 illud
775 1823 976 1885 quidem
988 1825 1072 1884 ita,

332 1891 576 1936 neminem
598 1904 716 1946 esse,
742 1891 844 1952 qui,

329 1955 572 2002 alterutro
595 1955 771 2003 horum
802 1964 1023 2019 patrono,

332 2022 603 2082 requireret
628 2022 880 2086 ingenium

333 2088 647 2148 cujusquam.

333 2152 591 2214 Equidem,
618 2167 896 2218 quanquam
917 2155 1080 2203 tribuo

331 2225 531 2268 tantum
550 2222 782 2283 Antonio,

330 2295 573 2349 quantum
601 2285 707 2334 dixi
728 2302 892 2351 supra,

332 2358 500 2400 tamen
522 2361 683 2400 statuo

333 2418 464 2466 nihil
494 2420 755 2481 perfectius
771 2419 947 2470 Crasso

333 2485 548 2548 potuisse
570 2484 695 2533 fieri.

334 2550 567 2600 Gravitas
589 2567 783 2601 summa
804 2561 909 2601 erat
927 2571 940 2609 ς

333 2630 448 2665 oum
470 2618 711 2681 gravitate
720 2620 926 2683 junctus
941 2626 1046 2667 erat

333 2683 469 2746 lepos
489 2685 793 2745 facetiarum,

337 2757 386 2797 et
402 2750 712 2809 urbanitatis,

337 2817 596 2868 oratorius.
624 2831 723 2864 non
749 2817 990 2876 scurrilis3

335 2882 584 2945 elegantia
599 2889 828 2931 accurata

336 2948 566 3010 loquendi
595 2949 763 3003 latine.

337 3022 387 3062 et
408 3014 619 3078 diligens
643 3016 748 3062 sine
769 3014 1011 3064 molestia.

338 3079 616 3142 Explieatio
636 3082 764 3129 mira

336 3146 390 3193 in
413 3146 717 3205 disserendo;

336 3213 476 3275 eopia
496 3218 900 3276 argumentorum

334 3285 384 3327 et
396 3279 789 3341 similitudinum,

335 3358 487 3406 quum
517 3345 846 3411 disputaretur

338 3408 409 3458 de·
414 3411 527 3471 jure
543 3412 696 3468 civili,

338 3489 492 3539 quum
513 3476 570 3525 de
580 3492 722 3541 equo
738 3483 788 3526 et
796 3479 945 3527 hono.

1119 311 1386 361 miurus.
2074 302 2180 360 151

1126 431 1181 479 18
1207 430 1510 495 eompassion
1531 447 1544 478 ε

1130 511 1192 545 88
1212 506 1340 545 sorte
1361 511 1453 559 que
1473 496 1578 545 8818
1602 495 1858 560 paraissait
1878 496 1988 546 vrai

1128 578 1192 610 en
1213 563 1304 621 lui,
1329 578 1422 626 que
1439 563 1544 611 l'on
1566 568 1789 626 rapporte

1130 630 1460 679 Demosthene
1482 629 1619 678 avoir
1639 629 1856 693 repondu

1130 698 1161 742 a
1183 696 1310 743 celui
1345 696 1430 757 qui
1455 695 1586 743 avait
1610 695 1842 744 demand&

1129 763 1288 824 quelle
1324 761 1469 809 chose
1501 762 1619 810 etait
1645 763 1695 810 la
1723 761 1957 825 premiere

1129 842 1190 876 en
1211 827 1424 890 pai-lant,

1128 898 1167 941 il
1184 897 1393 955 rdpomiit
1413 892 1641 951 l’aotion3

1129 964 1288 1023 quelle
1304 961 1450 1009 ohose
1471 961 1579 1008 e'tait
1600 961 1654 1007 18
1672 959 1895 1018 seconde,

1128 1031 1166 1073 il
1189 1030 1397 1087 re'pondt't
1415 1027 1467 1075 18
1488 1028 1658 1084 meme,

1128 1100 1177 1141 et
1197 1094 1247 1142 18
1264 1096 1423 1142 meme
1437 1093 1487 1141 la
1509 1093 1773 1141 troiaieme.

1125 1153 1331 1208 Aueune
1353 1159 1498 1209 chose

1128 1242 1185 1273 no
1205 1229 1401 1288 penetre
1426 1227 1539 1289 plus
1561 1225 1684 1273 dans
1708 1223 1780 1274 les
1800 1239 1961 1274 ooeurs

1129 1301 1178 1340 et
1203 1293 1274 1340 les
1294 1292 1522 1356 faeonne,
1546 1290 1716 1353 forme,
1740 1292 1855 1355 plie‚

1130 1364 1178 1406 et
1200 1358 1293 1406 fait
1313 1360 1383 1407 188
1406 1366 1625 1407 orateurs

1128 1428 1341 1488 paraitre
1366 1425 1458 1472 tels

1130 1506 1224 1552 que
1248 1494 1555 1539 eux-memes
1579 1489 1775 1538 veulent
1800 1490 1874 1539 soi
1890 1491 2132 1553 paramo„

1197 1557 1289 1607 Les
1315 1572 1408 1605 uns
1430 1557 1638 1604 disaieut
1657 1556 1715 1605 L.
1740 1556 1944 1606 Crassus

1131 1625 1233 1671 etre
1252 1625 1365 1688 egal
1387 1625 1417 1671 a
1438 1622 1658 1682 celui-oi,

1132 1690 1200 1737 les
1219 1697 1384 1738 autres
1397 1688 1689 1753 prefer-aient
1711 1688 1976 1753 (Crassus).

1133 1756 1268 1804 Tous
1285 1756 1352 1803 du
1372 1755 1532 1805 moins

1131 1823 1563 1885 se-prononeaient
1582 1837 1669 1871 sur
1693 1823 1794 1872 oeci
1816 1829 1968 1872 certes
1986 1824 2133 1884 ainsi}

1131 1903 1371 1949 personne
1390 1889 1559 1945 deti-e,
1586 1889 1687 1951 qui,

1132 1954 1515 2003 l’un-ou·l’autre
1543 1954 1687 2003 d’eux
1724 1955 1863 2003 etant
1886 1955 2160 2019 defenseur,

1133 2023 1370 2084 regrettat
1384 2022 1431 2069 le
1449 2021 1602 2069 talent

1134 2084 1193 2134 de
1209 2088 1637 2149 qui-que-ee-soit.

1133 2152 1266 2201 Pour
1285 2153 1404 2210 moi,
1431 2153 1639 2216 quoique
1653 2154 1908 2218 J’attribue

1133 2227 1306 2267 autaut
1330 2222 1362 2267 8
1385 2219 1613 2279 Antoine,

1134 2299 1225 2347 que
1239 2286 1290 2349 je
1315 2287 1398 2333 l’ai
1422 2285 1494 2334 dit
1517 2287 1793 2349 plus-haut,

1132 2351 1400 2414 cependant
1415 2353 1630 2415 j'etablis

1132 2419 1236 2465 rien
1265 2418 1324 2465 de
1342 2420 1452 2481 plus
1475 2419 1653 2482 pai-fait
1670 2434 1763 2482 que
1787 2420 1993 2468 Crassus

1131 2485 1269 2532 avoir
1296 2501 1368 2546 pu.
1385 2485 1580 2534 existet.

1129 2549 1238 2599 Une
1256 2552 1445 2614 gravite
1465 2551 1770 2615 tres-grande
1789 2551 1908 2600 etait
1927 2555 2102 2613 ort-lui,-

1129 2619 1161 2664 a
1178 2621 1223 2664 la
1246 2618 1436 2680 gravite
1457 2616 1577 2665 etait
1600 2619 1730 2680 joint

1131 2697 1199 2730 un
1219 2684 1418 2731 eharme
1440 2683 1561 2732 dans
1582 2683 1654 2731 188
1674 2684 2021 2748 plaisanteries,

1130 2757 1179 2797 et
1198 2749 1323 2797 dans
1342 2748 1707 2811 l’enjouement‚
1922 2767 1934 2778 ·

1133 2814 1394 2872 d’orateur‚
1425 2831 1526 2865 non
1549 2815 1853 2876 de-bouffom

1132 2897 1229 2929 une
1251 2884 1479 2945 eleganee
1502 2883 1699 2946 seignee

1131 2948 1452 3011 pour-parler
1471 2949 1612 3002 latin,

1132 3021 1180 3062 et
1205 3024 1374 3063 exacte
1393 3030 1507 3064 sans
1525 3013 1820 3064 affectation.

1131 3080 1241 3129 Une
1258 3082 1435 3129 nettete
1453 3081 1719 3131 admirable

1132 3160 1193 3194 en
1223 3147 1500 3206 diseutant3

1132 3227 1228 3261 une
1249 3214 1529 3261 abondance
1551 3213 1885 3279 d'arguments

1132 3285 1181 3326 et
1200 3278 1258 3326 de
1276 3279 1655 3342 comparaisons,

1132 3345 1302 3406 quand
1319 3361 1383 3394 on
1408 3346 1640 3395 diseutait

1130 3425 1220 3458 sur
1234 3413 1281 3459 18
1305 3412 1434 3461 droit
1451 3413 1586 3469 civil,

1133 3477 1299 3539 quand
1326 3492 1410 3526 sur
1427 3478 1475 3526 18
1499 3477 1630 3542 juste
1653 3483 1704 3526 et
1720 3478 1770 3527 18
1786 3478 1905 3528 bon.
