2592 4084
1121 343 1391 392 BRU'nus.
2064 330 2176 386 327

326 467 548 514 omnium
574 460 785 513 horum?
1124 462 1181 509 de
1203 468 1314 510 tous
1336 462 1533 510 ceux-ci
1549 457 1574 508 ?

327 534 487 593 Quem
511 531 720 580 imitaris
743 529 898 593 igitur
922 525 946 573 ‘a'
1121 528 1219 589 Qui
1237 529 1469 575 imites-tu
1496 528 1653 579 donc?

330 600 380 648 Si
403 600 633 661 aliquem,
1122 595 1173 645 Si
1199 596 1279 656 (tu
1295 595 1477 656 imites)
1503 595 1784 657 quelqu'un,

331 666 480 713 ceteri
500 680 616 727 ergo
1120 663 1518 710 tous-les-autres
1543 662 1665 709 donc

331 746 431 778 non
457 731 682 779 dicebant
708 730 869 776 attice.
1120 744 1182 775 ne
1204 728 1445 791 parlaient
1476 741 1571 790 pas·
1595 728 2142 790 comme-les-Attiques.

332 797 381 845 Si
404 813 585 858 omnes,
1121 795 1172 843 Si
1193 801 1269 853 (tu
1292 794 1472 854 imites)
1489 800 1616 850 tous,

332 865 417 925 qui
438 872 589 925 potes,
1121 869 1366 909 comment
1387 869 1594 923 peux-tu
1619 860 1686 922 (le
1703 860 1862 921 faire),

333 945 486 992 quum
513 931 612 978 sint
628 932 722 993 ipsi
1122 928 1380 990 puisqu’ils
1398 935 1510 974 sont
1533 931 1832 974 eux-memes

335 997 657 1045 dissimillimi
680 1000 806 1045 inter
830 993 911 1043 se?
1124 994 1498 1041 tres-differente
1522 1003 1656 1040 entre
1679 1009 1776 1039 eux
1797 990 1821 1038 ⁴?

333 1062 390 1110 In
420 1078 516 1124 quo
544 1079 708 1124 quaero
736 1065 879 1111 etiam
926 1058 1068 1118 illud,
1124 1060 1216 1109 Sur
1250 1065 1455 1119 ‹xe-point
1475 1061 1526 1121 je
1552 1059 1784 1108 demands
1811 1071 1983 1106 encore
2014 1057 2129 1113 cesi,

335 1129 482 1176 illene
503 1130 778 1177 Demetrius
1126 1128 1169 1174 si
1191 1143 1244 1176 ce
1271 1127 1551 1176 Demetrius

336 1194 607 1243 Phalereus
1129 1193 1188 1241 de
1207 1193 1412 1241 Phalere

335 1261 517 1309 dixerit
539 1264 685 1311 attice
706 1277 722 1309 ε
1128 1276 1158 1308 a
1181 1260 1317 1322 pax-le
1343 1258 1903 1319 come-lestttiqusst

332 1327 540 1376 Athense
562 1332 680 1393 ipsae
703 1328 898 1391 quidem
1128 1327 1342 1373 Athenes
1364 1327 1642 1373 elle-meme
1667 1326 1732 1371 du
1759 1326 1919 1371 moins

331 1393 558 1442 videntur
579 1396 702 1443 mihi
731 1396 943 1442 redolere
1128 1393 1312 1440 semble
1330 1393 1361 1439 a
1383 1394 1482 1439 moi
1505 1393 1712 1454 respirer

332 1474 398 1507 ex
414 1463 718 1510 orationibus
743 1462 869 1525 ejus.
1128 1459 1252 1506 dans
1273 1460 1346 1506 Ies
1368 1458 1584 1507 discours
1607 1458 1667 1505 de
1691 1458 1785 1505 lui.

333 1525 401 1574 At
426 1536 497 1574 est
522 1528 761 1590 floridior,
1127 1525 1253 1573 Mais
1276 1525 1314 1571 il
1342 1532 1412 1571 est
1440 1526 1551 1587 plus
1574 1522 1732 1581 fleuri,

334 1601 391 1639 ut
424 1594 494 1641 ita
515 1589 696 1652 dicam,
1127 1607 1249 1655 pour
1272 1590 1397 1639 ainsi
1421 1592 1538 1652 dire,

332 1673 479 1720 quam
500 1661 785 1723 Hyperides,
1129 1674 1223 1720 que
1254 1657 1514 1720 Hyperide,

335 1740 481 1785 quam
517 1728 705 1788 Lysias.
1130 1740 1222 1786 qne
1249 1724 1437 1785 Lysias.

335 1791 573 1851 Quasdam
608 1804 802 1849 natura,
1130 1792 1327 1839 Certain
1347 1788 1812 1853 penchant-naturel
1879 1809 1885 1816 ·

335 1867 422 1904 aut
444 1855 671 1907 x'roluntas
695 1857 885 1907 dicendi
908 1860 980 1906 ita
1131 1873 1196 1904 ou
1215 1873 1278 1903 un
1308 1857 1436 1904 de'sir
1462 1858 1520 1904 de
1540 1855 1701 1919 parler
1719 1854 1842 1902 ainsi

339 1923 454 1970 suit.
1131 1924 1208 1971 fut
1227 1926 1276 1981 (a
1306 1924 1411 1970 luit».

408 1990 682 2039 LXXXIII.
708 1992 773 2039 Et
792 1991 986 2052 quidem
1198 1989 1471 2038 LXXXIII.
1517 1989 1580 2037 Et
1623 1997 1775 2038 certes

340 2058 440 2104 duo
472 2057 673 2103 fuerunt
1132 2056 1506 2103 deux-hommes
1526 2056 1689 2105 fut-ent

339 2140 424 2186 per
446 2120 576 2169 idem
596 2133 784 2185 tempus
1134 2138 1237 2169 vers
1260 2124 1310 2170 la
1330 2127 1485 2171 meme
1517 2126 1700 2187 epoque

341 2190 597 2236 dissimiles
630 2192 756 2236 inter
790 2205 855 2246 se,
1132 2189 1379 2237 differente
1407 2197 1540 2238 entre
1561 2205 1672 2248 eux,

341 2256 423 2302 sed
449 2264 608 2302 tamen
636 2257 807 2311 Attiou
1133 2256 1258 2301 mais
1282 2257 1782 2319 pourtantAettiquesz

337 2337 548 2383 quorum
565 2321 814 2369 Charisius
1107 2377 1113 2388 ¹
1137 2321 1256 2369 dont
1278 2322 1525 2370 Charisius

338 2389 607 2436 multarum
639 2390 934 2448 orationum,
1135 2386 1347 2450 (auteur)
1373 2388 1429 2435 de
1456 2389 1725 2436 nombreux
1751 2388 1984 2441 discours,

337 2470 461 2517 quas
479 2453 723 2502 scribebat
744 2455 873 2517 aliis,
1134 2454 1255 2515 qu'il
1281 2455 1482 2501 ecrivait
1499 2469 1625 2516 pour
1644 2454 1873 2505 d’aeutreffi

339 2537 492 2583 quum
528 2520 770 2568 videretur
1132 2535 1325 2582 vu-que
1341 2521 1380 2568 il
1400 2520 1654 2583 paraissait

337 2602 515 2651 cupere
534 2586 719 2635 imitari
746 2587 945 2650 Lysiam
965 2604 981 2651 ;
1134 2587 1327 2634 vouloir
1345 2587 1509 2635 imiter
1530 2583 1702 2647 Lysias
1728 2603 1742 2642 ς

339 2653 666 2702 Demochares
689 2662 886 2713 autem,¹
1134 2653 1268 2702 mais.
1283 2652 1631 2711 Demochares,

336 2719 424 2782 qui
448 2720 542 2767 fuit
561 2719 691 2767 filius
1134 2720 1218 2781 qui
1242 2720 1321 2767 fut
1343 2721 1388 2768 le
1421 2720 1500 2768 fils

340 2786 522 2833 sororis
557 2785 891 2846 Demostheni,
1133 2786 1425 2835 d'unesoeur
1452 2788 1483 2835 a
1515 2785 1856 2844 Demosthene,

341 2860 388 2899 et
412 2852 604 2915 scripsit
1034 2861 1039 2866 '
1134 2859 1181 2901 et
1198 2853 1370 2918 ecrivit

341 2917 532 2980 aliquot
554 2919 828 2976 orationes5
1134 2920 1365 2981 quelques
1396 2917 1615 2968 discours
1636 2937 1650 2978 ς

340 2992 387 3031 et
422 2985 703 3048 perscripsit
1134 2994 1181 3032 et
1202 2993 1408 3034 raconta

340 3050 598 3099 historiam
621 3067 788 3100 earum
810 3065 992 3111 rerum,
1135 3052 1375 3100 l'histoire
1410 3052 1469 3100 de
1490 3068 1569 3101 ces
1591 3053 1721 3111 faits,

343 3131 452 3180 quoe
484 3126 632 3181 gestae
662 3125 803 3167 erant
835 3117 1039 3166 Athenis
1138 3118 1221 3179 qui
1246 3118 1467 3167 s'e'taient
1488 3122 1650 3182 pasees
1673 3121 1704 3165 a
1723 3116 1967 3165 Athenes*

344 3191 486 3233 aetate
508 3185 682 3247 ipsius,
1138 3199 1202 3232 au
1221 3191 1378 3248 temps
1398 3185 1461 3233 de
1479 3186 1744 3241 lui-meme,

343 3265 446 3298 non
488 3256 591 3298 tam
633 3265 811 3314 genere
847 3250 1081 3301 historico
1137 3265 1354 3314 non-pas
1389 3257 1494 3299 tant
1516 3251 1638 3299 dans
1664 3253 1710 3298 le
1746 3261 1894 3313 genre
1927 3242 2195 3303 historique

347 3329 496 3376 qnam
509 3318 742 3367 oratorio.
1139 3332 1232 3378 que
1250 3318 1394 3378 (dans
1412 3318 1459 3365 le
1473 3318 1639 3381 genre)
1663 3316 1892 3364 oratoire.

345 3381 415 3430 At
436 3382 669 3445 Hegesias
1138 3383 1515 3448 Maisflsgesias

259 3491 270 3508 ,
345 3447 456 3493 vult
477 3462 578 3496 esse
1140 3458 1251 3498 veut
1272 3452 1373 3497 etre

347 3512 528 3561 similis
557 3514 798 3574 Charisii,-
1140 3515 1403 3565 semblable
1429 3517 1460 3563 a
1480 3514 1752 3574 Charisius,
