2592 4084
1062 338 1328 386 BRUTUS.
2045 336 2123 391 27

277 461 332 504 et
350 470 647 518 expromere,
1081 462 1131 504 et
1151 471 1368 519 expoeer,

196 510 211 571 1
280 531 465 584 quanta
487 523 552 570 sit
573 522 647 571 vis
665 523 783 586 ejus,
1078 523 1296 570 eombien
1316 521 1500 584 grande
1517 530 1590 572 est
1609 525 1661 573 la
1684 524 1940 589 puiseanee
1963 525 2129 585 d’elle,

204 576 213 681 ἱ
281 597 614 650 quantamque
640 589 927 652 dignitatem
1073 596 1124 635 et
1144 589 1302 650 quelle
1331 589 1680 639 consideration

279 668 313 700 a
315 653 458 701 fferat
1072 653 1166 701 elle
1192 662 1391 717 apperte

205 687 213 763 l
279 720 345 767 iis
369 719 452 781 qui
474 720 573 767 sint
593 717 835 769 consecuti
854 733 979 775 eam,
1075 720 1105 766 a
1126 734 1250 767 ceux
1273 721 1360 782 qui
1382 726 1469 768 ont
1490 722 1656 784 acquic
1678 724 1786 780 elle,

205 770 213 827 1
281 800 443 847 neque
470 788 770 849 propositum
789 793 862 834 eat
879 786 1022 835 nobie
1073 801 1107 832 n
1110 785 1198 834 'eet
1217 791 1270 832 m·
1297 789 1447 845 l'obJ‘ot
1469 789 1670 850 propose
1691 792 1720 836 a
1740 805 1865 838 nous

207 832 213 867 ²
281 851 379 899 hoc
398 852 524 909 loco,
1074 849 1194 898 dane
1223 859 1347 900 cette
1369 854 1716 916 circonstance‚

280 932 442 979 neque
461 921 800 969 neceesarium.
1070 916 1123 964 ni
1144 919 1428 966 necessaire.

280 983 417 1031 Vero
434 984 770 1034 affirmaverim
791 986 884 1035 hoc
904 1010 909 1013 ·
1079 982 1241 1031 Maia
1223 999 1242 1044 J
1249 983 1526 1033 'affirmet-ai
1548 988 1786 1032 valentiore
1806 988 1905 1033 ceci

281 1049 393 1097 eine
411 1051 516 1098 ulla
535 1050 857 1112 dubitatione,
1081 1063 1193 1096 sans
1213 1064 1402 1098 flumme
1424 1049 1705 1101 hesitation.

284 1129 391 1162 esse
410 1131 560 1163 unam
584 1130 684 1165 rem
1078 1116 1339 1175 l'dloqumce
1360 1120 1459 1163 etre
1483 1130 1580 1163 une
1600 1116 1744 1164 chose

285 1180 632 1230 difficillimam
651 1182 891 1240 omnium,
1077 1180 1127 1228 la
1151 1183 1262 1243 plus
1286 1181 1485 1229 difficile
1507 1181 1565 1229 de
1588 1192 1763 1238 tontes,

284 1247 390 1294 aive
412 1247 628 1309 pariatur
654 1251 818 1311 aliqua
839 1254 943 1296 arte
964 1286 978 1310 ,
1078 1246 1172 1294 soit
1195 1248 1372 1310 qu’elle
1394 1247 1489 1294 soit
1511 1248 1736 1310 produite
1765 1262 1855 1309 pur
1881 1264 1949 1296 un
1968 1256 2065 1306 art,

286 1313 392 1360 sive
405 1314 610 1375 quadem
629 1314 989 1372 exercitatione,
1080 1313 1175 1361 soit
1206 1329 1293 1374 par
1325 1314 1512 1362 certain
1541 1315 1775 1371 exercice,

286 1377 391 1425 sive
412 1389 604 1427 natura.
1079 1379 1175 1427 soit
1195 1394 1284 1440 par
1305 1379 1356 1427 la
1378 1388 1569 1427 nature.

288 1443 434 1492 Enim
454 1460 513 1492 ex
531 1447 743 1508 quinque
765 1446 909 1494 rebus
1080 1443 1174 1494 Car
1196 1445 1279 1492 des
1302 1446 1411 1507 cinq
1433 1445 1611 1506 parties

288 1510 467 1571 quibus
485 1511 661 1559 dicitur
684 1519 921 1573 constare,
1082 1511 1203 1559 dont
1224 1512 1317 1559 elle
1337 1519 1408 1559 est
1430 1510 1527 1558 dite
1550 1513 1649 1558 &tre
1669 1514 1932 1575 composee,

288 1590 594 1638 unaquaeque
618 1593 785 1625 earum
1079 1575 1297 1624 chacune
1325 1576 1491 1625 d'elles

288 1649 365 1689 eat
385 1644 489 1705 ipsa
512 1658 592 1690 ars
615 1659 798 1708 magna
1081 1649 1154 1689 eet
1175 1642 1448 1691 elle—meme
1468 1656 1536 1690 un
1559 1648 1637 1689 art
1653 1645 1812 1706 grand

287 1722 377 1769 per
403 1722 518 1757 aeae.
1080 1723 1170 1769 par
1194 1709 1312 1754 elle·
1316 1712 1488 1757 meme.

289 1772 453 1832 Quare
472 1783 627 1836 potest
649 1777 917 1825 existimari
1082 1773 1135 1822 C’
1138 1781 1209 1820 eet
1228 1776 1466 1836 pourquoi
1488 1777 1528 1824 il
1551 1785 1667 1840 peut
1685 1781 1787 1826 etre
1806 1778 1924 1841 juge

289 1849 522 1901 quantam
552 1840 650 1889 vim
1085 1839 1244 1901 quelle
1268 1841 1453 1901 grande
1481 1843 1612 1891 force

287 1916 620 1968 quantamque
641 1906 996 1969 difficultatem,
1083 1915 1132 1952 et
1153 1906 1315 1968 quelle
1332 1908 1516 1967 grande
1532 1908 1769 1957 difficulte

290 1985 561 2019 concursus
598 1973 812 2034 quinque
853 1975 1032 2022 artium
1086 1970 1138 2018 la
1160 1973 1367 2019 reunion
1394 1973 1453 2021 de
1471 1975 1581 2037 cinq
1601 1984 1705 2023 arte

291 2038 624 2085 maximarum
653 2038 878 2087 habeant.
1085 2037 1395 2099 tres-grands
1415 2041 1667 2088 renferme.

326 2102 443 2152 vn.
457 2103 651 2152 Graecia
663 2114 734 2150 eat
744 2107 894 2163 tentis,
907 2120 1032 2167 quae,
1120 2102 1234 2151 VII.
1255 2103 1327 2151 La.
1344 2104 1494 2153 Grece
1515 2122 1570 2155 en
1590 2116 1663 2154 eet
1682 2109 1880 2163 te'moin,
1905 2107 2136 2169 elle-qui,

290 2183 447 2230 quum
477 2170 543 2218 ait
570 2171 770 2218 incensa
1087 2168 1199 2216 bien
1218 2184 1283 2230 qu
1286 2169 1394 2218 ’elle
1420 2171 1488 2218 ait
1509 2175 1584 2220 ete
1601 2173 1883 2220 enflammee

291 2234 458 2282 studio
481 2235 788 2297 eloquentiae,
1088 2233 1147 2282 de
1166 2235 1219 2281 la
1236 2237 1427 2297 passion
1452 2237 1511 2286 de
1529 2240 1548 2287 1
1550 2239 1837 2301 'eloquence,

294 2302 600 2363 excellatque
621 2302 816 2381 jamdiu
1088 2305 1138 2348 et
1168 2314 1236 2363 qu
1239 2301 1343 2348 'elle
1374 2303 1556 2352 excelle
1589 2304 2061 2367 depuis-longtempe

293 2374 584 2430 praestetque
602 2369 802 2417 ceteris
785 2385 839 2418 m
863 2385 936 2429 ea,
1088 2372 1137 2414 et
1153 2366 1405 2429 l'empotte
1426 2384 1509 2416 eur
1532 2371 1603 2417 lea
1624 2379 1788 2419 autres
1808 2370 1927 2417 dane
1947 2376 2026 2418 cet
2044 2379 2136 2433 cre,

297 2429 445 2481 habet
465 2442 627 2481 tamen
1089 2431 1286 2494 poseede
1315 2433 1580 2496 cependant

299 2511 467 2547 omnes
493 2509 619 2547 artes
635 2502 937 2562 vetustioree,
1090 2505 1200 2546 tous
1221 2499 1292 2545 les
1312 2507 1413 2547 arta
1434 2499 1541 2560 plus
1564 2501 1779 2557 anciene,

299 2569 350 2612 et
369 2579 467 2613 non
487 2566 642 2613 selum
662 2566 901 2626 inventae,
1089 2574 1137 2611 et
1166 2580 1266 2612 non
1288 2565 1556 2614 seulement
1582 2567 1815 2624 invente'e',

301 2629 385 2677 aed
413 2632 555 2678 etiam
583 2633 817 2694 perfectas
1073 2631 1213 2677 ‘mais
1229 2646 1404 2678 encore
1423 2634 1608 2694 portes-
1586 2633 1724 2680 -a-la
1743 2631 2004 2695 pei-fection

299 2697 459 2744 multo
487 2706 601 2745 ante
1090 2694 1364 2759 longtempe
1386 2706 1536 2745 avant

303 2776 448 2823 quam
472 2761 581 2812 hnc
605 2763 679 2811 vie
1094 2775 1185 2822 que
1207 2773 1329 2810 cette
1349 2763 1482 2811 force

303 2835 451 2891 atque
480 2829 620 2892 copia
642 2829 833 2878 dicendi
1094 2835 1143 2875 et
1164 2827 1447 2876 abondance
1468 2827 1528 2876 de
1552 2828 1604 2876 la
1626 2828 1791 2889 parole

302 2893 554 2943 elaborata
571 2902 643 2944 est
668 2910 699 2943 a
715 2895 917 2946 Graecia.
1097 2892 1168 2941 ait
1190 2896 1264 2940 ete
1285 2893 1534 2943 travaillee
1557 2909 1645 2957 par
1667 2896 1736 2942 les
1755 2894 1922 2944 Grecs.

305 2958 470 3020 Quum
499 2962 693 3009 intueor
714 2963 766 3009 in
793 2977 958 3025 quam,
1097 2958 1273 3018 Quand
1294 2960 1343 3022 Je
1364 2960 1611 3008 considere
1632 2961 1840 3017 celle—ci,

306 3032 407 3074 tuae
424 3026 646 3085 Athene,
668 3029 845 3089 Attice,
1097 3033 1180 3072 ton
1209 3025 1441 3085 Athenee,
1469 3027 1679 3080 Atticus,

306 3102 575 3140 occurrunt
591 3093 714 3140 mihi
737 3094 969 3154 maxime,
1098 3106 1149 3138 se
1174 3094 1391 3154 presente
1416 3095 1447 3139 a
1469 3094 1567 3139 moi
1592 3098 1894 3148 avant-tout,

306 3164 359 3206 et
377 3159 518 3219 quasi
540 3159 729 3207 lucentz
1097 3168 1146 3204 et
1167 3160 1610 3220 en·queique-aorte
1627 3159 1803 3210 brillac

307 3222 364 3272 in
384 3240 481 3286 qua
500 3225 618 3273 urbe
1100 3223 1222 3270 dans
1247 3223 1455 3284 laquelle
1481 3225 1595 3270 ville

308 3297 476 3339 orator
498 3305 549 3338 ee
571 3292 747 3340 extulit
764 3293 997 3355 primum,
1097 3281 1132 3336 l’
1135 3300 1329 3337 orateur
1351 3305 1400 3336 se
1429 3289 1665 3352 produisit
1685 3289 1729 3335 d'
1734 3287 1901 3346 αὔοι-(1,

309 3361 360 3403 et
381 3357 538 3404 oratio
556 3366 712 3419 ooepta
728 3368 802 3407 eat
819 3361 964 3407 etiam
1101 3365 1147 3402 et
1172 3355 1218 3403 le
1236 3355 1455 3403 discours
1471 3370 1753 3415 commenca
1772 3355 1901 3401 aussi

310 3423 535 3472 mandari
569 3424 776 3486 primum
1102 3423 1134 3468 a
1151 3422 1249 3467 &tre
1267 3423 1421 3468 confisa
1439 3421 1904 3482 pour-la-premiere
1929 3416 2021 3464 fois

310 3490 641 3538 monumentis
664 3500 713 3539 ot
733 3490 928 3539 litteris.
1106 3502 1206 3536 aux
1239 3488 1719 3535 monuments-ecrite
1745 3495 1792 3533 et
1814 3499 1913 3532 aux
1932 3484 2119 3530 lettres.
