2592 4084
398 350 472 406 66
1189 357 1450 403 Batrros,

462 479 624 534 XVII.
652 479 919 533 Catonem
933 491 1070 533 vero
1093 475 1217 549 quis
1241 481 1558 531 nostrorum
1585 479 1886 545 oratorum,
1903 472 1999 546 qui
2021 473 2253 545 quidem

392 591 542 632 nunc
570 582 719 645 sunt,
744 573 928 644 legit?
955 581 1052 631 aut
1092 573 1215 647 quis
1252 574 1407 629 novit
1441 571 1705 628 omnino?
1732 575 1798 626 At
1834 587 2003 645 quem
2043 571 2244 641 virum,

394 674 474 730 dii
509 674 673 729 boni!
709 674 863 728 Mitto
905 672 1116 743 civem,
1158 678 1255 728 ant
1301 677 1647 743 senatorem,
1687 676 1784 726 aut
1820 671 2248 742 imperatorem;

393 776 671 828 oratorem
696 769 842 826 enim
869 769 975 826 hoc
999 770 1121 829 loco
1140 770 1443 843 quaerimus
1467 788 1483 826 ε
1512 769 1638 842 quis
1665 767 1760 824 illo
1788 767 2014 841 gravior
2035 767 2093 821 in
2120 765 2244 820 lau-

395 867 619 925 dando?
643 867 895 924 acerbior
923 868 980 922 in
1015 866 1423 939 vituperando?
1454 865 1511 921 in
1545 864 1833 922 sententiis
1872 862 2165 936 argutior?
2190 864 2248 919 in

395 963 642 1021 docendo
690 962 1156 1035 edisserendoque
1193 961 1488 1021 subtilior?
1522 961 1764 1019 Refertae
1800 966 1931 1016 sunt
1971 961 2250 1016 orationes

394 1060 631 1133 amplius
667 1065 889 1116 centum
917 1059 1325 1133 quinquaginta
1364 1063 1520 1132 (quas
1546 1059 1774 1132 quidem
1801 1057 1985 1113 adhuc
2015 1056 2250 1115 invene-

394 1155 520 1229 rim,
552 1162 611 1213 et
630 1156 889 1230 legerim)
920 1162 977 1212 et
1014 1155 1201 1213 verbis
1240 1162 1295 1213 et
1332 1156 1502 1215 rebus
1530 1155 1859 1211 illustribus.
1891 1157 2046 1213 Licet
2069 1172 2136 1211 ex
2160 1155 2258 1211 his

394 1251 604 1325 eligant
629 1269 717 1324 ea,
745 1268 872 1325 qua
893 1251 1172 1308 notatione
1198 1253 1445 1309 otiando
1471 1253 1644 1324 digna
1668 1252 1810 1320 sint;
1837 1268 2030 1309 omnes
2059 1257 2249 1309 orato-

392 1348 492 1405 riae
517 1349 747 1407 virtutes
768 1348 827 1407 in
849 1348 931 1407 eis
952 1348 1322 1423 reperientur.
1343 1353 1374 1405 J
1376 1365 1466 1406 am
1489 1366 1622 1406 vero
1650 1348 1904 1416 Origines
1933 1348 2055 1421 ejus
2079 1363 2249 1421 quem

390 1446 610 1517 florem,
640 1452 737 1502 aut
763 1448 912 1519 quod
937 1447 1131 1504 lumen
1164 1447 1500 1522 eloquentiae
1528 1464 1639 1504 non
1678 1446 1926 1505 habent?
1960 1450 2258 1505 Amatores

391 1544 525 1600 huic
547 1545 765 1616 desunt,
789 1545 955 1602 sicuti
983 1545 1173 1605 multis
1193 1545 1313 1619 jam
1336 1553 1464 1603 ante
1489 1546 1707 1603 saeculis
1736 1551 1793 1602 et
1819 1545 2053 1601 Philisto
2078 1548 2250 1616 Syra-

393 1641 568 1711 cusio,
599 1646 655 1697 et
680 1641 786 1713 ipsi
813 1642 1144 1713 Thucydidi.
1173 1646 1317 1701 Nam
1342 1648 1407 1699 ut
1440 1643 1639 1700 horum
1675 1642 1908 1701 concisis
1935 1643 2248 1711 sententiis,

392 1737 671 1796 interdum
702 1737 868 1795 etiam
891 1753 1002 1795 non
1029 1738 1162 1796 satis
1192 1739 1398 1811 apertis
1419 1755 1590 1813 quum
1616 1738 1911 1809 brevitate,
1935 1746 2055 1795 tum
2080 1738 2254 1797 nimio

393 1835 668 1905 acumine,
696 1834 866 1890 officit
896 1834 1283 1907 Theopompus
1327 1833 1569 1893 elatione
1599 1840 1763 1907 atque
1794 1835 2086 1893 altitudine
2124 1851 2250 1892 ora·

392 1931 560 1988 tionis
586 1948 729 2004 suae;
757 1929 907 2003 quod
934 1930 1085 1988 idem
1109 1931 1284 2005 Lysiae
1317 1930 1714 1988 Demosthenes
1740 1949 1756 1986 t
1786 1931 1868 1987 sic
1894 1931 2120 1988 Catonis
2159 1931 2250 1987 lu-

457 2097 624 2146 XVII.
649 2095 777 2144 Mais
799 2095 969 2153 Caton,
1001 2094 1143 2142 est-il
1170 2093 1485 2158 aujourd'hui
1505 2111 1573 2143 un
1598 2096 1702 2144 seul
1730 2096 1789 2142 de
1810 2110 1902 2144 nos
1931 2103 2151 2144 orateurs
2166 2110 2254 2160 qui

392 2185 441 2235 le
461 2183 587 2234 lise?
629 2199 690 2232 en
718 2183 848 2231 est-il
878 2186 1034 2230 men·
1056 2198 1125 2230 nn
1166 2184 1251 2245 qui
1292 2184 1341 2232 1ο
1380 2186 1633 2233 connaisse
1656 2183 1681 2232 t>
1726 2192 1775 2233 et
1808 2185 2098 2248 cependant,
2137 2188 2254 2248 quel

392 2273 605 2332 homme,
631 2271 818 2335 grands
848 2271 994 2319 dieux
1017 2269 1029 2317 Ξ
1057 2269 1131 2319 Ne
1152 2285 1336 2335 voyons
1359 2273 1497 2335 point
1535 2287 1595 2320 en
1616 2271 1689 2320 lui
1718 2272 1763 2320 le
1785 2272 1995 2333 citoyen,
2034 2272 2083 2320 le
2105 2274 2255 2321 edna-

393 2369 520 2421 teur,
554 2362 600 2409 le
630 2359 867 2425 general3
905 2360 945 2408 il
981 2375 1044 2409 ne
1069 2359 1216 2424 s'agit
1241 2360 1310 2410 ici
1339 2375 1432 2423 que
1470 2360 1528 2407 de
1562 2360 1807 2409 l'orateur.
1835 2357 1933 2420 Qui
1956 2357 2138 2421 jamnis
2170 2367 2255 2409 sut

391 2448 532 2499 louet
554 2464 669 2498 aveo
686 2449 798 2511 plue
813 2448 871 2495 de
889 2446 1143 2495 noblesse‘?
1166 2448 1353 2495 blamed·
1376 2462 1490 2495 avec
1506 2462 1603 2495 une
1625 2449 1735 2509 plus
1750 2447 2006 2495 mordente
2022 2446 2256 2511 energia?

394 2538 556 2602 quelle
599 2537 771 2585 flnesse
815 2535 936 2583 dans
960 2536 1031 2583 les
1071 2538 1283 2598 penedes,
1320 2533 1480 2597 quelle
1514 2534 1796 2598 ingenieuse
1836 2535 2096 2598 simplicite
2129 2536 2256 2583 dans

392 2620 700 2684 l’exposition
725 2620 807 2667 des
822 2619 936 2669 faits
959 2628 1007 2669 et
1035 2618 1118 2667 des
1140 2616 1451 2681 argumente!
1497 2616 1589 2666 Les
1612 2626 1723 2666 cent
1747 2617 2010 2681 cinquante
2032 2618 2257 2671 discours

392 2712 441 2755 et
462 2709 589 2771 plus,
618 2724 711 2771 que
739 2709 830 2771 j’ai
853 2710 1049 2756 trouvos
1070 2707 1130 2755 de
1156 2708 1231 2755 lui
1249 2706 1448 2768 jusqu’is
1471 2721 1524 2754 ce
1540 2706 1674 2767 jour,
1706 2714 1755 2756 et
1790 2723 1886 2770 que
1904 2707 1995 2770 j‘si
2017 2708 2115 2771 lus,
2143 2718 2258 2759 sont

392 2795 593 2858 templis
615 2796 795 2844 d'idees
817 2804 864 2843 et
888 2795 1240 2861 d'expressions
1258 2794 1530 2842 brillantes.
1558 2793 1635 2843 On
1649 2801 1839 2858 penten
1862 2798 2075 2847 extruite
2097 2812 2152 2845 ce
2168 2803 2256 2860 qui

393 2890 466 2932 est
489 2883 636 2947 digne
658 2883 717 2931 de
739 2868 992 2946 remarque
1029 2891 1078 2931 et
1097 2881 1337 2945 d’eloges3
1365 2897 1431 2930 on
1451 2897 1487 2945 y
1506 2889 1734 2932 trouvera
1775 2888 1935 2932 toutes
1955 2883 2027 2932 les
2053 2886 2256 2932 beantes

393 2972 644 3021 oratoires.
669 2972 736 3019 Et
756 2986 831 3019 ses
855 2972 1079 3032 orm,
1110 2969 1622 3019 nenenfeoement-elles
1647 2986 1733 3034 pas
1756 2978 1918 3020 tontes
1950 2970 2019 3020 les
2039 2971 2188 3022 fieurs
2206 2982 2257 3024 et

393 3065 505 3109 tous
546 3060 619 3108 les
646 3067 922 3108 ornements
950 3060 1013 3108 de
1035 3056 1354 3109 l'fflocution?
1377 3058 1420 3108 11
1446 3075 1659 3124 :nanque
1699 3059 1758 3109 de
1780 3061 2041 3124 partheno,
2066 3076 2258 3112 commo

394 3163 455 3197 en
478 3149 749 3211 manquait‚
779 3149 817 3195 il
841 3163 875 3211 y
907 3165 938 3196 a
962 3149 1080 3213 dejb.
1103 3150 1344 3214 plusieurs
1384 3149 1569 3207 siboles,
1597 3149 1803 3198 Philiste
1830 3149 1890 3198 de
1926 3148 2179 3214 Syracuse,
2207 3160 2253 3202 et

394 3237 681 3300 Thucydide
702 3239 973 3286 lui-memo.
996 3240 1064 3289 Le
1098 3239 1228 3302 stylo
1247 3240 1384 3287 &love
1404 3247 1452 3287 et
1478 3239 1786 3302 majestueux
1804 3238 1866 3288 de
1890 3239 2203 3304 Theopompo
2222 3257 2251 3291 a

392 3327 570 3391 eclipses
593 3327 663 3375 les
684 3329 884 3390 pensees
908 3327 1123 3376 concises
1147 3326 1205 3375 de
1225 3342 1305 3376 ces
1328 3327 1456 3376 deux
1474 3327 1753 3386 historiens,
1789 3342 1886 3390 quo
1900 3334 2011 3393 trop
2038 3327 2100 3376 de
2119 3328 2258 3376 brie-

393 3419 503 3465 vete
525 3424 577 3465 et
597 3416 656 3465 de
676 3416 851 3467 finem
885 3418 1012 3469 tend
1047 3419 1349 3483 quelquefois
1374 3435 1443 3469 uu
1467 3435 1560 3482 peu
1578 3419 1818 3478 obsoni-23
1843 3417 2172 3468 Demosthene
2197 3418 2262 3466 de

395 3515 486 3551 son
512 3505 618 3554 cote
661 3521 692 3555 a
713 3506 804 3555 fait
843 3513 944 3557 tort
977 3510 1006 3556 ὲ
1038 3506 1230 3572 Lysias.
1266 3508 1342 3558 De
1373 3511 1528 3556 meme
1557 3507 1852 3571 l’eloquence
1885 3507 2173 3557 ambitime
2198 3504 2265 3555 de
