2592 4084
474 326 543 380 14
1258 340 1517 384 neuros,

462 460 619 528 parte
647 454 1047 512 sollicitudines
1075 455 1347 512 allevaret
1372 472 1544 512 meae.
1566 488 1637 497 —
1662 459 1800 512 Tum
1822 460 2043 529 BrutuS,
2070 456 2227 514 Volui
2254 460 2312 516 id

463 543 690 616 quidem
715 545 934 600 efficere
960 550 1127 609 certe,
1156 551 1212 600 et
1239 545 1396 616 capio
1418 561 1681 616 magnum
1706 547 1966 617 fructum,
1990 546 2039 600 si
2063 547 2309 619 quidem,

464 631 613 703 quod
635 631 806 703 volui,
832 638 987 688 tanta
1005 633 1063 687 in
1085 649 1146 688 re
1166 641 1497 688 consecutus
1521 650 1662 688 sum.
1686 632 1794 688 Sed
1822 634 1962 689 scire
1985 635 2167 705 cupio,
2188 650 2316 707 quae

462 724 518 774 te
545 708 709 774 Attici
730 719 932 776 litterae
964 720 1378 777 delectaverint.
1412 753 1473 761 —
1500 722 1623 776 Istae
1662 736 1818 791 ver0,
1850 721 2093 795 inquam,
2119 724 2309 793 Brute,

462 821 575 862 non
600 807 763 863 modo
787 807 1207 864 delectationem
1230 808 1390 875 mihi,
1421 807 1518 863 sed
1550 807 1737 877 etiam,
1768 814 1831 863 ut
1855 824 2040 881 spero,
2072 809 2313 865 salutem

463 894 782 950 attulerunt.
812 925 882 935 -
907 894 1191 951 Salutem?
1212 895 1398 967 inquit
1413 894 1512 950 ille
1541 913 1554 950 :
1588 895 1866 965 quodnam
1888 896 2116 952 tandem
2135 913 2314 967 genus

462 982 605 1037 istuc
632 987 745 1037 tam
767 983 1099 1054 praeclarum
1125 982 1440 1038 litterarum
1463 981 1606 1037 fuit?
1634 1013 1701 1023 —
1727 985 1808 1037 An
1846 981 1981 1037 mihi
2008 985 2203 1056 potuit,
2232 985 2315 1040 in-

463 1085 647 1143 quam,
682 1087 802 1126 esse
850 1076 947 1125 aut
982 1070 1191 1142 gratior
1234 1070 1351 1125 ulla
1394 1069 1676 1141 salutatio,
1703 1075 1802 1125 aut
1833 1071 1904 1125 ad
1943 1070 2050 1127 hoc
2093 1079 2316 1144 tempus

461 1158 660 1229 aptior,
690 1175 858 1230 quam
886 1158 1037 1213 illius
1067 1156 1215 1225 libri,
1243 1173 1353 1228 quo
1391 1173 1482 1212 me
1507 1157 1599 1212 hic
1627 1158 1825 1213 affatus
1852 1159 2012 1230 quasi
2033 1159 2312 1230 jacentem

462 1245 754 1301 excitavit?
789 1276 853 1286 -
891 1248 1032 1300 Tum
1071 1244 1185 1315 ille,
1215 1247 1424 1316 Nempe
1451 1239 1595 1301 'eum
1630 1246 1788 1312 dicis,
1825 1245 2022 1320 inquit,
2052 1262 2161 1320 quo
2207 1247 2313 1303 iste

461 1348 683 1388 omnem
704 1350 891 1389 rerum
916 1331 1243 1389 memoriam
1260 1331 1527 1403 breviter,
1548 1339 1622 1399 et,
1643 1338 1705 1388 ut
1726 1333 1864 1389 mihi
1882 1333 2107 1406 quidem
2128 1336 2313 1390 visum

463 1428 567 1490 est,
596 1421 999 1492 perdiligenter
1032 1420 1348 1491 complexus
1373 1420 1504 1475 est?
1533 1450 1601 1461 —
1629 1424 1805 1477 Istum
1829 1421 2029 1493 ipsum,
2060 1423 2309 1495 inquam,

460 1509 647 1577 Brute,
673 1507 795 1563 dico
821 1507 1026 1563 librum
1049 1506 1189 1561 mihi
1211 1506 1377 1562 saluti
1398 1507 1589 1562 fuisse.

529 1597 621 1651 IV.
647 1627 716 1636 —
744 1599 885 1651 Tum
918 1595 1153 1665 Atticu8‚
1185 1594 1603 1666 Optatissimum
1630 1594 1768 1649 mihi
1795 1595 2019 1667 quidem
2049 1601 2135 1650 est
2160 1594 2314 1667 quod

463 1683 634 1755 dicis3
668 1684 769 1739 sed
808 1683 941 1755 quid
972 1683 1198 1739 tandem
1229 1682 1427 1739 habuit
1456 1683 1598 1739 liber
1624 1683 1751 1750 iste,
1781 1683 1931 1754 quod
1959 1683 2057 1739 tibi
2086 1688 2182 1738 aut
2210 1697 2311 1737 no-

459 1788 612 1842 vum,
657 1778 753 1828 aut
789 1779 938 1828 tanto
975 1771 1101 1828 usui
1129 1777 1318 1843 posset
1355 1787 1476 1826 esse
1498 1770 1526 1826 ⁶?
1552 1800 1616 1810 —
1645 1770 1745 1826 Ille
1776 1786 1908 1827 vero
1947 1775 2002 1825 et
2037 1786 2201 1840 nova,
2225 1769 2315 1823 in-

461 1874 649 1929 quam,
686 1860 823 1915 mihi
855 1859 1081 1931 quidem
1110 1858 1305 1931 multa,
1334 1863 1394 1915 et
1424 1874 1549 1915 eam
1572 1857 1892 1923 utilitatem,
1920 1873 2089 1929 quam
2117 1856 2302 1928 requi«

459 2059 716 2106 cissoment
736 2059 765 2104 a
792 2072 894 2104 mes
930 2057 1110 2119 peines.
1137 2082 1203 2092 —
1229 2054 1333 2104 J’ai
1361 2056 1530 2112 voulu,
1562 2071 1622 2103 en
1658 2055 1781 2116 effet,
1821 2071 1941 2104 vous
1968 2056 2205 2110 consoler,
2237 2053 2315 2102 dit

458 2147 659 2202 Brutus,
686 2152 734 2192 et
763 2145 1015 2207 j'eprouve
1038 2158 1141 2192 une
1160 2145 1271 2191 vive
1307 2145 1607 2192 satisfaction
1645 2144 1832 2192 d’avoir
1855 2145 2008 2191 reunsi
2035 2143 2156 2190 dans
2178 2159 2245 2190 un
2270 2145 2313 2191 ei

457 2234 618 2299 grand
654 2234 855 2281 dessein.
892 2233 1019 2280 Mais
1045 2233 1093 2295 je
1120 2232 1348 2279 voudrais
1380 2220 1541 2280 saveir
1564 2232 1722 2293 quelle
1747 2231 1890 2279 lettre
1918 2230 2162 2280 d’Atticus
2191 2246 2314 2278 vous

457 2339 489 2372 a
520 2324 653 2371 aussi
684 2323 828 2370 cause'
857 2328 964 2370 tant
999 2321 1058 2369 de
1084 2320 1273 2383 plaisir.
1296 2347 1361 2357 —
1386 2319 1503 2382 Oui,
1534 2319 1782 2381 lepris-je,
1808 2318 1901 2366 elle
1933 2318 2033 2364 m’a
2069 2318 2213 2364 cause
2244 2315 2312 2364 du

456 2412 661 2474 plaisir;
693 2411 785 2459 elle
819 2411 919 2459 m’a
954 2413 1127 2472 meme,
1162 2410 1214 2473 je
1250 2410 1472 2471 l'espere,
1505 2406 1663 2455 rendn
1696 2406 1748 2454 la
1776 2406 1870 2453 vie.
1902 2431 1969 2441 —
1992 2405 2065 2453 La
2092 2405 2201 2453 vie!
2238 2405 2313 2453 dit

456 2502 665 2560 Brutus;
691 2499 750 2548 de
772 2499 933 2562 quelle
966 2505 1143 2546 nature
1168 2504 1241 2546 est
1264 2496 1391 2544 dono
1416 2509 1471 2543 ce
1487 2495 1716 2558 precieux
1735 2491 1983 2556 message?
2006 2521 2071 2529 —
2094 2492 2161 2541 Ce
2183 2507 2315 2541 mes-

457 2605 590 2654 sage‚
621 2586 939 2652 rependis—je,
977 2593 1056 2634 est
1082 2600 1151 2632 un
1176 2585 1302 2632 livre
1333 2581 1419 2643 qui
1442 2581 1542 2628 m'a
1568 2582 1660 2628 tire
1688 2580 1746 2628 de
1777 2580 2222 2628 l’aneantissement
2244 2581 2313 2628 ou

453 2677 615 2742 j’etais
641 2678 844 2741 plonge.
866 2660 1073 2724 hitait-il
1098 2671 1311 2736 possible
1333 2669 1393 2716 de
1408 2668 1697 2717 m'adresser
1714 2684 1783 2717 un
1801 2669 2110 2732 temoignage
2133 2667 2312 2715 d'ami-

456 2769 524 2815 tie
546 2767 629 2828 qui
653 2781 730 2813 me
747 2767 825 2814 fut
851 2765 963 2828 plus
982 2766 1133 2824 doux,
1159 2770 1206 2811 et
1238 2762 1324 2824 qui
1352 2764 1459 2809 vint
1477 2761 1588 2824 plus
1610 2762 1641 2807 ὲ,
1662 2773 1842 2824 propos
1856 2756 1880 2804 ?
1896 2785 1962 2795 —
1982 2757 2123 2806 ‘Vous
2144 2756 2310 2818 pai-lez

458 2870 572 2902 sans
599 2854 761 2912 doute,
791 2853 950 2911 dit-il,
978 2851 1036 2899 de
1054 2860 1131 2900 cet
1164 2865 1380 2913 ouvrage
1405 2851 1471 2900 ou
1491 2848 1689 2898 Atticus
1712 2862 1743 2896 a
1763 2846 2005 2895 renferme
2025 2860 2087 2892 en
2108 2844 2305 2906 abrege,

457 2951 521 3001 et,
543 2956 731 2990 comme
754 2942 793 2989 il
813 2941 912 2989 m’a
932 2956 1074 3004 pam,
1095 2954 1211 2987 aveo
1226 2939 1478 3001 beaucoup
1498 2934 1839 2992 d'exactitude,
1859 2931 2097 2981 l’histoire
2117 2931 2173 2978 de
2196 2937 2309 2979 tous

455 3031 530 3080 les
548 3031 735 3078 siecles.
756 3056 820 3066 —
838 3015 953 3088 Oui,
977 3029 1181 3088 Brutus,
1208 3028 1327 3077 c’est
1353 3027 1670 3092 precisement
1693 3038 1748 3073 cc
1778 3022 1903 3072 livre
1925 3023 2009 3085 qui
2032 3021 2131 3068 m’a
2150 3019 2311 3068 rendn

456 3122 509 3170 la
528 3122 623 3170 vie.

523 3208 615 3258 IV.
641 3235 704 3248 -·
729 3207 875 3256 Alors
897 3205 1090 3256 Atticus
1109 3222 1122 3254 ε
1140 3207 1278 3256 Vous
1300 3220 1363 3254 ne
1383 3218 1568 3269 penvez
1588 3202 1695 3251 rien
1706 3215 1785 3249 me
1798 3197 1901 3246 dire
1925 3197 1985 3245 de
2003 3196 2116 3258 plus
2128 3196 2308 3259 egi-ea-

456 3300 563 3357 ble;
594 3298 718 3345 mais
741 3297 861 3359 qu’y
880 3296 1023 3344 a-t-il
1050 3293 1180 3343 enfin
1204 3294 1327 3342 dans
1360 3300 1436 3342 cet
1459 3304 1678 3355 ouvrage
1700 3287 1787 3352 qui
1813 3285 1909 3334 soit
1937 3298 2162 3332 nouveau
2182 3297 2310 3345 pour

457 3401 598 3446 mue,
627 3401 689 3433 ou
712 3385 797 3447 qui
817 3383 977 3447 puisse
999 3398 1122 3430 vous
1145 3384 1247 3431 &tre
1269 3382 1315 3430 si
1339 3381 1496 3431 utile?
1520 3402 1584 3416 -·
1604 3377 1688 3425 Du
1710 3386 1952 3429 nnuman,
1987 3367 2304 3432 rependis-je,

456 3476 495 3524 il
523 3492 557 3538 y
580 3488 640 3522 en
663 3489 692 3522 a
708 3475 984 3537 beaucoup3
1011 3476 1164 3535 quant
1180 3472 1210 3519 a
1232 3470 1447 3528 rutilius,
1473 3467 1548 3531 J’y
1571 3466 1620 3514 ai
1643 3456 1813 3513 trouve
1832 3459 1955 3510 celle
1980 3471 2073 3519 que
2097 3457 2148 3519 je
2177 3455 2305 3504 desi-
