<?xml version="1.0" encoding="UTF-8"?>
<!DOCTYPE html PUBLIC "-//W3C//DTD XHTML 1.0 Transitional//EN"
    "http://www.w3.org/TR/xhtml1/DTD/xhtml1-transitional.dtd">
<html xmlns="http://www.w3.org/1999/xhtml" xml:lang="en" lang="en">
 <head>
  <title>
</title>
<meta http-equiv="Content-Type" content="text/html;charset=utf-8" />
  <meta name='ocr-system' content='tesseract 3.04.00' />
  <meta name='ocr-capabilities' content='ocr_page ocr_carea ocr_par ocr_line ocrx_word'/>
</head>
<body>
  <div class='ocr_page' id='page_1' title='image "./brutus03cicegoog_0237.png"; bbox 0 0 2592 4084; ppageno 0'>
   <div class='ocr_carea' id='block_1_1' title="bbox 1071 365 2118 421">
    <p class='ocr_par' dir='ltr' id='par_1_1' title="bbox 1071 365 2118 421">
     <span class='ocr_line' id='line_1_1' title="bbox 1071 365 2118 421; baseline 0.001 -2"><span class='ocrx_word' id='word_1_1' title='bbox 1071 371 1336 420; x_wconf 70' lang='lat' dir='ltr'><strong>snmus,</strong></span> <span class='ocrx_word' id='word_1_2' title='bbox 2002 365 2118 421; x_wconf 74' lang='lat'><strong>225</strong></span> 
     </span>
    </p>
   </div>
   <div class='ocr_carea' id='block_1_2' title="bbox 275 486 2126 3593">
    <p class='ocr_par' dir='ltr' id='par_1_2' title="bbox 277 486 1612 550">
     <span class='ocr_line' id='line_1_2' title="bbox 277 486 1612 550; baseline -0.001 -13"><span class='ocrx_word' id='word_1_3' title='bbox 277 489 431 537; x_wconf 85' lang='lat' dir='ltr'>Miror</span> <span class='ocrx_word' id='word_1_4' title='bbox 452 495 615 537; x_wconf 82' lang='lat' dir='ltr'><strong>autem</strong></span> <span class='ocrx_word' id='word_1_5' title='bbox 637 488 820 537; x_wconf 77' lang='lat' dir='ltr'><strong>Cottam</strong></span> <span class='ocrx_word' id='word_1_6' title='bbox 1066 488 1192 535; x_wconf 79' lang='lat' dir='ltr'><strong>Mais</strong></span> <span class='ocrx_word' id='word_1_7' title='bbox 1211 487 1439 550; x_wconf 83' lang='lat' dir='ltr'><strong>j’admire</strong></span> <span class='ocrx_word' id='word_1_8' title='bbox 1460 486 1612 548; x_wconf 81' lang='lat' dir='ltr'><strong>Cotta,</strong></span> 
     </span>
    </p>

    <p class='ocr_par' dir='ltr' id='par_1_3' title="bbox 278 553 1816 618">
     <span class='ocr_line' id='line_1_3' title="bbox 278 553 1816 618; baseline 0 -16"><span class='ocrx_word' id='word_1_9' title='bbox 278 556 437 618; x_wconf 88' lang='lat' dir='ltr'><strong>ipsum</strong></span> <span class='ocrx_word' id='word_1_10' title='bbox 476 563 716 602; x_wconf 81' lang='lat' dir='ltr'><strong>oratorem</strong></span> <span class='ocrx_word' id='word_1_11' title='bbox 747 568 1012 615; x_wconf 87' lang='lat' dir='ltr'><strong>summum,</strong></span> <span class='ocrx_word' id='word_1_12' title='bbox 1066 555 1318 601; x_wconf 73' lang='lat' dir='ltr'><strong>lui-meme</strong></span> <span class='ocrx_word' id='word_1_13' title='bbox 1339 560 1530 602; x_wconf 89' lang='lat' dir='ltr'><strong>orateur</strong></span> <span class='ocrx_word' id='word_1_14' title='bbox 1552 553 1816 618; x_wconf 75' lang='lat' dir='ltr'><strong>distingue,</strong></span> 
     </span>
    </p>

    <p class='ocr_par' dir='ltr' id='par_1_4' title="bbox 279 619 1568 684">
     <span class='ocr_line' id='line_1_4' title="bbox 279 619 1568 684; baseline 0.001 -17"><span class='ocrx_word' id='word_1_15' title='bbox 279 622 578 684; x_wconf 89' lang='lat' dir='ltr'><strong>minimeque</strong></span> <span class='ocrx_word' id='word_1_16' title='bbox 601 622 837 684; x_wconf 85' lang='lat' dir='ltr'><strong>ineptum,</strong></span> <span class='ocrx_word' id='word_1_17' title='bbox 1068 628 1116 667; x_wconf 92' lang='lat' dir='ltr'><strong>et</strong></span> <span class='ocrx_word' id='word_1_18' title='bbox 1137 619 1454 683; x_wconf 84' lang='lat' dir='ltr'><strong>pas-du-tout</strong></span> <span class='ocrx_word' id='word_1_19' title='bbox 1470 626 1568 680; x_wconf 79' lang='lat' dir='ltr'><strong>sot,</strong></span> 
     </span>
    </p>

    <p class='ocr_par' dir='ltr' id='par_1_5' title="bbox 279 686 1378 736">
     <span class='ocr_line' id='line_1_5' title="bbox 279 686 1378 736; baseline -0.002 -2"><span class='ocrx_word' id='word_1_20' title='bbox 279 688 490 736; x_wconf 78' lang='lat' dir='ltr'><strong>voluisse</strong></span> <span class='ocrx_word' id='word_1_21' title='bbox 1069 687 1206 734; x_wconf 83' lang='lat' dir='ltr'><strong>avoir</strong></span> <span class='ocrx_word' id='word_1_22' title='bbox 1226 686 1378 734; x_wconf 84' lang='lat' dir='ltr'><strong>voulu</strong></span> 
     </span>
    </p>

    <p class='ocr_par' dir='ltr' id='par_1_6' title="bbox 275 751 1814 815">
     <span class='ocr_line' id='line_1_6' title="bbox 275 751 1814 815; baseline -0.001 -14"><span class='ocrx_word' id='word_1_23' title='bbox 275 752 409 801; x_wconf 89' lang='lat' dir='ltr'><strong>leves</strong></span> <span class='ocrx_word' id='word_1_24' title='bbox 431 753 764 802; x_wconf 84' lang='lat' dir='ltr'><strong>oratiunculas</strong></span> <span class='ocrx_word' id='word_1_25' title='bbox 1065 752 1142 800; x_wconf 88' lang='lat' dir='ltr'><strong>les</strong></span> <span class='ocrx_word' id='word_1_26' title='bbox 1170 753 1342 799; x_wconf 86' lang='lat' dir='ltr'><strong>faibles</strong></span> <span class='ocrx_word' id='word_1_27' title='bbox 1367 761 1406 798; x_wconf 76' lang='lat' dir='ltr'><strong>ee</strong></span> <span class='ocrx_word' id='word_1_28' title='bbox 1429 751 1814 815; x_wconf 83' lang='lat' dir='ltr'><strong>petits-discours</strong></span> 
     </span>
    </p>

    <p class='ocr_par' dir='ltr' id='par_1_7' title="bbox 278 818 1279 868">
     <span class='ocr_line' id='line_1_7' title="bbox 278 818 1279 868; baseline -0.003 0"><span class='ocrx_word' id='word_1_29' title='bbox 278 820 504 868; x_wconf 84' lang='lat' dir='ltr'><strong>AElianas</strong></span> <span class='ocrx_word' id='word_1_30' title='bbox 1072 818 1279 866; x_wconf 82' lang='lat' dir='ltr'><strong>d&#39;AElius</strong></span> 
     </span>
    </p>

    <p class='ocr_par' dir='ltr' id='par_1_8' title="bbox 277 884 1825 1009">
     <span class='ocr_line' id='line_1_8' title="bbox 277 884 1799 933; baseline -0.001 0"><span class='ocrx_word' id='word_1_31' title='bbox 277 885 556 933; x_wconf 82' lang='lat' dir='ltr'><strong>existimari</strong></span> <span class='ocrx_word' id='word_1_32' title='bbox 581 900 710 933; x_wconf 85' lang='lat' dir='ltr'><strong>suas.</strong></span> <span class='ocrx_word' id='word_1_33' title='bbox 1072 887 1171 933; x_wconf 64' lang='lat' dir='ltr'><strong>&amp;tre</strong></span> <span class='ocrx_word' id='word_1_34' title='bbox 1191 900 1241 932; x_wconf 87' lang='lat' dir='ltr'><strong>re</strong></span> <span class='ocrx_word' id='word_1_35' title='bbox 1279 884 1633 932; x_wconf 78' lang='lat' dir='ltr'><strong>ardes-comme</strong></span> <span class='ocrx_word' id='word_1_36' title='bbox 1654 884 1799 931; x_wconf 87' lang='lat' dir='ltr'><strong>siens.</strong></span> 
     </span>
     <span class='ocr_line' id='line_1_9' title="bbox 348 948 1825 1009; baseline -0.003 -9"><span class='ocrx_word' id='word_1_37' title='bbox 348 951 504 1009; x_wconf 75' lang='lat' dir='ltr'><strong>LVII.</strong></span> <span class='ocrx_word' id='word_1_38' title='bbox 528 951 619 999; x_wconf 87' lang='lat' dir='ltr'><strong>His</strong></span> <span class='ocrx_word' id='word_1_39' title='bbox 638 951 824 999; x_wconf 87' lang='lat' dir='ltr'><strong>duobus</strong></span> <span class='ocrx_word' id='word_1_40' title='bbox 1137 950 1246 999; x_wconf 86' lang='lat' dir='ltr'><strong>LVI</strong></span> <span class='ocrx_word' id='word_1_41' title='bbox 1276 985 1287 996; x_wconf 91' lang='lat'><strong>.</strong></span> <span class='ocrx_word' id='word_1_42' title='bbox 1315 948 1363 999; x_wconf 78' lang='lat' dir='ltr'>A</span> <span class='ocrx_word' id='word_1_43' title='bbox 1384 966 1461 999; x_wconf 89' lang='lat' dir='ltr'><strong>ces</strong></span> <span class='ocrx_word' id='word_1_44' title='bbox 1484 951 1611 998; x_wconf 83' lang='lat' dir='ltr'><strong>deux</strong></span> <span class='ocrx_word' id='word_1_45' title='bbox 1628 959 1825 997; x_wconf 75' lang='lat' dir='ltr'><strong>orateurs</strong></span> 
     </span>
    </p>

    <p class='ocr_par' dir='ltr' id='par_1_9' title="bbox 278 1016 1684 1081">
     <span class='ocr_line' id='line_1_10' title="bbox 278 1016 1684 1081; baseline -0.001 -16"><span class='ocrx_word' id='word_1_46' title='bbox 278 1033 425 1065; x_wconf 86' lang='lat' dir='ltr'><strong>nemo</strong></span> <span class='ocrx_word' id='word_1_47' title='bbox 447 1016 661 1081; x_wconf 86' lang='lat' dir='ltr'><strong>ejusdem</strong></span> <span class='ocrx_word' id='word_1_48' title='bbox 684 1018 842 1066; x_wconf 65' lang='lat' dir='ltr'><strong>atatis</strong></span> <span class='ocrx_word' id='word_1_49' title='bbox 1071 1031 1305 1080; x_wconf 73' lang='lat' dir='ltr'>personne</span> <span class='ocrx_word' id='word_1_50' title='bbox 1328 1017 1386 1064; x_wconf 89' lang='lat' dir='ltr'><strong>de</strong></span> <span class='ocrx_word' id='word_1_51' title='bbox 1408 1020 1563 1065; x_wconf 71' lang='lat' dir='ltr'><strong>meme</strong></span> <span class='ocrx_word' id='word_1_52' title='bbox 1592 1019 1684 1080; x_wconf 69' lang='lat' dir='ltr'><strong>fige</strong></span> 
     </span>
    </p>

    <p class='ocr_par' dir='ltr' id='par_1_10' title="bbox 279 1081 1953 1147">
     <span class='ocr_line' id='line_1_11' title="bbox 279 1081 1953 1147; baseline -0.001 -17"><span class='ocrx_word' id='word_1_53' title='bbox 279 1083 698 1131; x_wconf 77' lang='lat' dir='ltr'><strong>annumerabatur</strong></span> <span class='ocrx_word' id='word_1_54' title='bbox 719 1083 912 1147; x_wconf 67' lang='lat' dir='ltr'><strong>tertiusg</strong></span> <span class='ocrx_word' id='word_1_55' title='bbox 1069 1084 1237 1131; x_wconf 80' lang='lat' dir='ltr'><strong>n’etait</strong></span> <span class='ocrx_word' id='word_1_56' title='bbox 1255 1084 1418 1145; x_wconf 76' lang='lat' dir='ltr'><strong>ajoute</strong></span> <span class='ocrx_word' id='word_1_57' title='bbox 1442 1081 1953 1145; x_wconf 72' lang='lat' dir='ltr'><strong>en-troisieme·1igne;</strong></span> 
     </span>
    </p>

    <p class='ocr_par' dir='ltr' id='par_1_11' title="bbox 281 1149 1512 1212">
     <span class='ocr_line' id='line_1_12' title="bbox 281 1149 1512 1212; baseline -0.002 -14"><span class='ocrx_word' id='word_1_58' title='bbox 281 1150 370 1199; x_wconf 72' lang='lat' dir='ltr'><strong>sed</strong></span> <span class='ocrx_word' id='word_1_59' title='bbox 389 1149 684 1212; x_wconf 78' lang='lat' dir='ltr'><strong>Pomponius</strong></span> <span class='ocrx_word' id='word_1_60' title='bbox 1069 1150 1193 1197; x_wconf 88' lang='lat' dir='ltr'><strong>mais</strong></span> <span class='ocrx_word' id='word_1_61' title='bbox 1214 1150 1512 1212; x_wconf 81' lang='lat' dir='ltr'><strong>Pomponius</strong></span> 
     </span>
    </p>

    <p class='ocr_par' dir='ltr' id='par_1_12' title="bbox 279 1213 1655 1278">
     <span class='ocr_line' id='line_1_13' title="bbox 279 1213 1655 1278; baseline -0.001 -16"><span class='ocrx_word' id='word_1_62' title='bbox 279 1216 507 1276; x_wconf 77' lang='lat' dir='ltr'><strong>placebat</strong></span> <span class='ocrx_word' id='word_1_63' title='bbox 532 1215 653 1264; x_wconf 86' lang='lat' dir='ltr'><strong>mihi</strong></span> <span class='ocrx_word' id='word_1_64' title='bbox 677 1213 904 1273; x_wconf 83' lang='lat' dir='ltr'><strong>maxime,</strong></span> <span class='ocrx_word' id='word_1_65' title='bbox 1069 1216 1267 1277; x_wconf 85' lang='lat' dir='ltr'><strong>plaisait</strong></span> <span class='ocrx_word' id='word_1_66' title='bbox 1287 1217 1318 1262; x_wconf 67' lang='lat' dir='ltr'><strong>a</strong></span> <span class='ocrx_word' id='word_1_67' title='bbox 1342 1216 1440 1263; x_wconf 89' lang='lat' dir='ltr'><strong>moi</strong></span> <span class='ocrx_word' id='word_1_68' title='bbox 1462 1217 1509 1262; x_wconf 94' lang='lat' dir='ltr'><strong>le</strong></span> <span class='ocrx_word' id='word_1_69' title='bbox 1528 1215 1655 1278; x_wconf 88' lang='lat' dir='ltr'><strong>plus,</strong></span> 
     </span>
    </p>

    <p class='ocr_par' dir='ltr' id='par_1_13' title="bbox 280 1281 1564 1345">
     <span class='ocr_line' id='line_1_14' title="bbox 280 1281 1564 1345; baseline 0.001 -17"><span class='ocrx_word' id='word_1_70' title='bbox 280 1283 360 1328; x_wconf 78' lang='lat' dir='ltr'><strong>vel</strong></span> <span class='ocrx_word' id='word_1_71' title='bbox 383 1281 555 1337; x_wconf 86' lang='lat' dir='ltr'><strong>dicam,</strong></span> <span class='ocrx_word' id='word_1_72' title='bbox 1072 1295 1137 1328; x_wconf 92' lang='lat' dir='ltr'><strong>ou</strong></span> <span class='ocrx_word' id='word_1_73' title='bbox 1163 1281 1216 1345; x_wconf 86' lang='lat' dir='ltr'><strong>je</strong></span> <span class='ocrx_word' id='word_1_74' title='bbox 1243 1281 1365 1329; x_wconf 87' lang='lat' dir='ltr'><strong>dirai</strong></span> <span class='ocrx_word' id='word_1_75' title='bbox 1387 1282 1564 1344; x_wconf 78' lang='lat' dir='ltr'><strong>plutot,</strong></span> 
     </span>
    </p>

    <p class='ocr_par' dir='ltr' id='par_1_14' title="bbox 282 1346 1954 1409">
     <span class='ocr_line' id='line_1_15' title="bbox 282 1346 1954 1409; baseline 0.001 -15"><span class='ocrx_word' id='word_1_76' title='bbox 282 1346 566 1409; x_wconf 78' lang='lat' dir='ltr'><strong>displicebat</strong></span> <span class='ocrx_word' id='word_1_77' title='bbox 585 1347 802 1394; x_wconf 88' lang='lat' dir='ltr'><strong>minime.</strong></span> <span class='ocrx_word' id='word_1_78' title='bbox 1072 1363 1142 1394; x_wconf 78' lang='lat' dir='ltr'><strong>me</strong></span> <span class='ocrx_word' id='word_1_79' title='bbox 1165 1348 1419 1409; x_wconf 78' lang='lat' dir='ltr'><strong>deplaisait</strong></span> <span class='ocrx_word' id='word_1_80' title='bbox 1451 1349 1496 1395; x_wconf 91' lang='lat' dir='ltr'><strong>le</strong></span> <span class='ocrx_word' id='word_1_81' title='bbox 1518 1347 1694 1404; x_wconf 85' lang='lat' dir='ltr'><strong>moins,</strong></span> <span class='ocrx_word' id='word_1_82' title='bbox 1951 1370 1954 1373; x_wconf 97' lang='lat'>·</span> 
     </span>
    </p>

    <p class='ocr_par' dir='ltr' id='par_1_15' title="bbox 282 1411 2022 1476">
     <span class='ocr_line' id='line_1_16' title="bbox 282 1411 2022 1476; baseline -0.001 -15"><span class='ocrx_word' id='word_1_83' title='bbox 282 1412 441 1461; x_wconf 86' lang='lat' dir='ltr'><strong>Locus</strong></span> <span class='ocrx_word' id='word_1_84' title='bbox 474 1424 576 1460; x_wconf 81' lang='lat' dir='ltr'><strong>erat.</strong></span> <span class='ocrx_word' id='word_1_85' title='bbox 606 1414 790 1460; x_wconf 88' lang='lat' dir='ltr'><strong>nemini</strong></span> <span class='ocrx_word' id='word_1_86' title='bbox 819 1411 1018 1461; x_wconf 90' lang='lat' dir='ltr'><strong>omnino</strong></span> <span class='ocrx_word' id='word_1_87' title='bbox 1073 1414 1218 1461; x_wconf 89' lang='lat' dir='ltr'><strong>Place</strong></span> <span class='ocrx_word' id='word_1_88' title='bbox 1238 1412 1407 1460; x_wconf 78' lang='lat' dir='ltr'><strong>n&#39;etait</strong></span> <span class='ocrx_word' id='word_1_89' title='bbox 1427 1429 1549 1475; x_wconf 86' lang='lat' dir='ltr'><strong>pour</strong></span> <span class='ocrx_word' id='word_1_90' title='bbox 1569 1426 1804 1476; x_wconf 81' lang='lat' dir='ltr'><strong>personne</strong></span> <span class='ocrx_word' id='word_1_91' title='bbox 1827 1411 1894 1459; x_wconf 86' lang='lat' dir='ltr'><strong>du</strong></span> <span class='ocrx_word' id='word_1_92' title='bbox 1914 1416 2022 1460; x_wconf 83' lang='lat' dir='ltr'><strong>tout</strong></span> 
     </span>
    </p>

    <p class='ocr_par' dir='ltr' id='par_1_16' title="bbox 283 1478 1851 1541">
     <span class='ocr_line' id='line_1_17' title="bbox 283 1478 1851 1541; baseline 0 -16"><span class='ocrx_word' id='word_1_93' title='bbox 283 1480 338 1526; x_wconf 88' lang='lat' dir='ltr'><strong>in</strong></span> <span class='ocrx_word' id='word_1_94' title='bbox 366 1482 524 1528; x_wconf 82' lang='lat' dir='ltr'><strong>causis</strong></span> <span class='ocrx_word' id='word_1_95' title='bbox 549 1479 794 1538; x_wconf 85' lang='lat' dir='ltr'><strong>maximis,</strong></span> <span class='ocrx_word' id='word_1_96' title='bbox 1074 1479 1194 1526; x_wconf 86' lang='lat' dir='ltr'><strong>dans</strong></span> <span class='ocrx_word' id='word_1_97' title='bbox 1215 1480 1286 1527; x_wconf 88' lang='lat' dir='ltr'><strong>les</strong></span> <span class='ocrx_word' id='word_1_98' title='bbox 1310 1478 1498 1527; x_wconf 84' lang='lat' dir='ltr'><strong>affairos</strong></span> <span class='ocrx_word' id='word_1_99' title='bbox 1520 1481 1851 1541; x_wconf 86' lang='lat' dir='ltr'><strong>importantes,</strong></span> 
     </span>
    </p>

    <p class='ocr_par' dir='ltr' id='par_1_17' title="bbox 285 1546 1641 1607">
     <span class='ocr_line' id='line_1_18' title="bbox 285 1546 1641 1607; baseline 0 -14"><span class='ocrx_word' id='word_1_100' title='bbox 285 1553 458 1607; x_wconf 77' lang='lat' dir='ltr'><strong>praeter</strong></span> <span class='ocrx_word' id='word_1_101' title='bbox 480 1561 559 1593; x_wconf 91' lang='lat' dir='ltr'><strong>eos</strong></span> <span class='ocrx_word' id='word_1_102' title='bbox 1074 1546 1420 1607; x_wconf 62' lang='lat' dir='ltr'><strong>a-l’exception</strong></span> <span class='ocrx_word' id='word_1_103' title='bbox 1444 1546 1500 1592; x_wconf 87' lang='lat' dir='ltr'><strong>de</strong></span> <span class='ocrx_word' id='word_1_104' title='bbox 1521 1561 1641 1593; x_wconf 86' lang='lat' dir='ltr'><strong>ceux</strong></span> 
     </span>
    </p>

    <p class='ocr_par' dir='ltr' id='par_1_18' title="bbox 287 1610 1758 1674">
     <span class='ocr_line' id='line_1_19' title="bbox 287 1610 1758 1674; baseline 0 -16"><span class='ocrx_word' id='word_1_105' title='bbox 287 1611 348 1659; x_wconf 88' lang='lat' dir='ltr'><strong>de</strong></span> <span class='ocrx_word' id='word_1_106' title='bbox 370 1613 544 1673; x_wconf 90' lang='lat' dir='ltr'><strong>quibus</strong></span> <span class='ocrx_word' id='word_1_107' title='bbox 571 1610 677 1658; x_wconf 83' lang='lat' dir='ltr'>dixi</span> <span class='ocrx_word' id='word_1_108' title='bbox 701 1624 880 1674; x_wconf 82' lang='lat' dir='ltr'><strong>supra;</strong></span> <span class='ocrx_word' id='word_1_109' title='bbox 1077 1611 1195 1659; x_wconf 88' lang='lat' dir='ltr'><strong>dont</strong></span> <span class='ocrx_word' id='word_1_110' title='bbox 1212 1611 1301 1673; x_wconf 86' lang='lat' dir='ltr'><strong>j’ai</strong></span> <span class='ocrx_word' id='word_1_111' title='bbox 1328 1611 1459 1671; x_wconf 78' lang='lat' dir='ltr'><strong>parle</strong></span> <span class='ocrx_word' id='word_1_112' title='bbox 1481 1613 1590 1673; x_wconf 89' lang='lat' dir='ltr'><strong>plus</strong></span> <span class='ocrx_word' id='word_1_113' title='bbox 1613 1611 1758 1668; x_wconf 80' lang='lat' dir='ltr'><strong>haut3</strong></span> 
     </span>
    </p>

    <p class='ocr_par' dir='ltr' id='par_1_19' title="bbox 284 1676 1522 1740">
     <span class='ocr_line' id='line_1_20' title="bbox 284 1676 1522 1740; baseline 0 -16"><span class='ocrx_word' id='word_1_114' title='bbox 284 1690 536 1740; x_wconf 83' lang='lat' dir='ltr'><strong>propterea</strong></span> <span class='ocrx_word' id='word_1_115' title='bbox 557 1676 685 1739; x_wconf 88' lang='lat' dir='ltr'><strong>quod</strong></span> <span class='ocrx_word' id='word_1_116' title='bbox 855 1696 870 1715; x_wconf 91' lang='lat'>·</span> <span class='ocrx_word' id='word_1_117' title='bbox 1074 1678 1410 1739; x_wconf 84' lang='lat' dir='ltr'><strong>par-la-raison</strong></span> <span class='ocrx_word' id='word_1_118' title='bbox 1431 1692 1522 1737; x_wconf 92' lang='lat' dir='ltr'><strong>que</strong></span> 
     </span>
    </p>

    <p class='ocr_par' dir='ltr' id='par_1_20' title="bbox 283 1740 1585 1792">
     <span class='ocr_line' id='line_1_21' title="bbox 283 1740 1585 1792; baseline 0 -1"><span class='ocrx_word' id='word_1_119' title='bbox 283 1745 530 1791; x_wconf 82' lang='lat' dir='ltr'><strong>Antonius</strong></span> <span class='ocrx_word' id='word_1_120' title='bbox 550 1750 655 1791; x_wconf 81' lang='lat' dir='ltr'><strong>erat</strong></span> <span class='ocrx_word' id='word_1_121' title='bbox 680 1740 837 1789; x_wconf 83' lang='lat' dir='ltr'><strong>facilis</strong></span> <span class='ocrx_word' id='word_1_122' title='bbox 1074 1743 1285 1792; x_wconf 87' lang='lat' dir='ltr'><strong>Antoine</strong></span> <span class='ocrx_word' id='word_1_123' title='bbox 1308 1744 1422 1790; x_wconf 77' lang='lat' dir='ltr'><strong>etait</strong></span> <span class='ocrx_word' id='word_1_124' title='bbox 1443 1743 1585 1792; x_wconf 82' lang='lat' dir='ltr'><strong>facile</strong></span> 
     </span>
    </p>

    <p class='ocr_par' dir='ltr' id='par_1_21' title="bbox 285 1806 1758 1872">
     <span class='ocr_line' id='line_1_22' title="bbox 285 1806 1758 1872; baseline 0 -17"><span class='ocrx_word' id='word_1_125' title='bbox 285 1809 340 1855; x_wconf 88' lang='lat' dir='ltr'><strong>in</strong></span> <span class='ocrx_word' id='word_1_126' title='bbox 366 1809 652 1871; x_wconf 82' lang='lat' dir='ltr'><strong>recipiendis</strong></span> <span class='ocrx_word' id='word_1_127' title='bbox 674 1806 860 1863; x_wconf 77' lang='lat' dir='ltr'><strong>causis3</strong></span> <span class='ocrx_word' id='word_1_128' title='bbox 1074 1825 1194 1872; x_wconf 85' lang='lat' dir='ltr'><strong>pour</strong></span> <span class='ocrx_word' id='word_1_129' title='bbox 1220 1819 1435 1871; x_wconf 76' lang='lat' dir='ltr'><strong>acceptet</strong></span> <span class='ocrx_word' id='word_1_130' title='bbox 1459 1809 1540 1857; x_wconf 85' lang='lat' dir='ltr'><strong>des</strong></span> <span class='ocrx_word' id='word_1_131' title='bbox 1567 1823 1758 1869; x_wconf 79' lang='lat' dir='ltr'><strong>causes;</strong></span> 
     </span>
    </p>

    <p class='ocr_par' dir='ltr' id='par_1_22' title="bbox 286 1874 1761 1940">
     <span class='ocr_line' id='line_1_23' title="bbox 286 1874 1761 1940; baseline 0 -17"><span class='ocrx_word' id='word_1_132' title='bbox 286 1876 491 1923; x_wconf 78' lang='lat' dir='ltr'><strong>Crassus</strong></span> <span class='ocrx_word' id='word_1_133' title='bbox 519 1874 831 1929; x_wconf 81' lang='lat' dir='ltr'><strong>fastidiosior,</strong></span> <span class='ocrx_word' id='word_1_134' title='bbox 1076 1876 1278 1924; x_wconf 82' lang='lat' dir='ltr'><strong>Crassus</strong></span> <span class='ocrx_word' id='word_1_135' title='bbox 1301 1878 1411 1938; x_wconf 86' lang='lat' dir='ltr'><strong>plus</strong></span> <span class='ocrx_word' id='word_1_136' title='bbox 1437 1877 1761 1940; x_wconf 80' lang='lat' dir='ltr'><strong>dedaigneux,</strong></span> 
     </span>
    </p>

    <p class='ocr_par' dir='ltr' id='par_1_23' title="bbox 287 1939 1871 2005">
     <span class='ocr_line' id='line_1_24' title="bbox 287 1939 1871 2005; baseline 0 -16"><span class='ocrx_word' id='word_1_137' title='bbox 287 1943 374 1989; x_wconf 89' lang='lat' dir='ltr'><strong>sed</strong></span> <span class='ocrx_word' id='word_1_138' title='bbox 394 1950 556 1989; x_wconf 84' lang='lat' dir='ltr'><strong>tamen</strong></span> <span class='ocrx_word' id='word_1_139' title='bbox 577 1939 866 2003; x_wconf 81' lang='lat' dir='ltr'><strong>recipiebat:</strong></span> <span class='ocrx_word' id='word_1_140' title='bbox 1076 1944 1200 1988; x_wconf 82' lang='lat' dir='ltr'><strong>mais</strong></span> <span class='ocrx_word' id='word_1_141' title='bbox 1221 1949 1453 2003; x_wconf 74' lang='lat' dir='ltr'><strong>pour-tant</strong></span> <span class='ocrx_word' id='word_1_142' title='bbox 1475 1943 1512 1990; x_wconf 92' lang='lat' dir='ltr'><strong>il</strong></span> <span class='ocrx_word' id='word_1_143' title='bbox 1533 1958 1588 1990; x_wconf 79' lang='grc' dir='ltr'><strong>οη</strong></span> <span class='ocrx_word' id='word_1_144' title='bbox 1607 1942 1871 2005; x_wconf 82' lang='lat' dir='ltr'><strong>acceptait:</strong></span> 
     </span>
    </p>

    <p class='ocr_par' dir='ltr' id='par_1_24' title="bbox 282 2007 1496 2069">
     <span class='ocr_line' id='line_1_25' title="bbox 282 2007 1496 2069; baseline -0.001 -14"><span class='ocrx_word' id='word_1_145' title='bbox 282 2008 375 2069; x_wconf 81' lang='lat' dir='ltr'><strong>qui</strong></span> <span class='ocrx_word' id='word_1_146' title='bbox 400 2007 610 2054; x_wconf 81' lang='lat' dir='ltr'><strong>habebat</strong></span> <span class='ocrx_word' id='word_1_147' title='bbox 1075 2009 1200 2054; x_wconf 86' lang='lat' dir='ltr'><strong>celui</strong></span> <span class='ocrx_word' id='word_1_148' title='bbox 1215 2008 1296 2068; x_wconf 90' lang='lat' dir='ltr'><strong>qui</strong></span> <span class='ocrx_word' id='word_1_149' title='bbox 1316 2009 1496 2055; x_wconf 80' lang='lat' dir='ltr'><strong>n’avait</strong></span> 
     </span>
    </p>

    <p class='ocr_par' dir='ltr' id='par_1_25' title="bbox 284 2073 1716 2132">
     <span class='ocr_line' id='line_1_26' title="bbox 284 2073 1716 2132; baseline 0.001 -12"><span class='ocrx_word' id='word_1_150' title='bbox 284 2081 519 2121; x_wconf 82' lang='lat' dir='ltr'><strong>neutrum</strong></span> <span class='ocrx_word' id='word_1_151' title='bbox 553 2085 736 2129; x_wconf 89' lang='lat' dir='ltr'><strong>eorum,</strong></span> <span class='ocrx_word' id='word_1_152' title='bbox 1078 2073 1535 2122; x_wconf 84' lang='lat' dir='ltr'><strong>ni-l’un-ni-l’autre</strong></span> <span class='ocrx_word' id='word_1_153' title='bbox 1554 2074 1716 2132; x_wconf 84' lang='lat' dir='ltr'><strong>d’eux,</strong></span> 
     </span>
    </p>

    <p class='ocr_par' dir='ltr' id='par_1_26' title="bbox 286 2136 1893 2206">
     <span class='ocr_line' id='line_1_27' title="bbox 286 2136 1893 2206; baseline 0.004 -20"><span class='ocrx_word' id='word_1_154' title='bbox 286 2138 602 2201; x_wconf 75' lang='lat' dir='ltr'><strong>confugiebat</strong></span> <span class='ocrx_word' id='word_1_155' title='bbox 623 2136 720 2184; x_wconf 85' lang='lat' dir='ltr'><strong>fere</strong></span> <span class='ocrx_word' id='word_1_156' title='bbox 1078 2142 1208 2187; x_wconf 78' lang='lat' dir='ltr'><strong>avait</strong></span> <span class='ocrx_word' id='word_1_157' title='bbox 1225 2155 1422 2188; x_wconf 84' lang='lat' dir='ltr'><strong>recours</strong></span> <span class='ocrx_word' id='word_1_158' title='bbox 1445 2141 1893 2206; x_wconf 59' lang='lat' dir='ltr'><strong>presque-majona</strong></span> 
     </span>
    </p>

    <p class='ocr_par' dir='ltr' id='par_1_27' title="bbox 288 2203 1365 2269">
     <span class='ocr_line' id='line_1_28' title="bbox 288 2203 1365 2269; baseline 0.002 -18"><span class='ocrx_word' id='word_1_159' title='bbox 288 2203 353 2251; x_wconf 80' lang='lat' dir='ltr'><strong>ad</strong></span> <span class='ocrx_word' id='word_1_160' title='bbox 381 2204 682 2264; x_wconf 88' lang='lat' dir='ltr'><strong>Philippum,</strong></span> <span class='ocrx_word' id='word_1_161' title='bbox 1080 2208 1109 2252; x_wconf 72' lang='lat' dir='ltr'><strong>a</strong></span> <span class='ocrx_word' id='word_1_162' title='bbox 1125 2206 1365 2269; x_wconf 72' lang='lat' dir='ltr'><strong>Philippa,</strong></span> 
     </span>
    </p>

    <p class='ocr_par' dir='ltr' id='par_1_28' title="bbox 287 2270 1383 2320">
     <span class='ocr_line' id='line_1_29' title="bbox 287 2270 1383 2320; baseline 0.001 -3"><span class='ocrx_word' id='word_1_163' title='bbox 287 2278 377 2317; x_wconf 87' lang='lat' dir='ltr'><strong>aut</strong></span> <span class='ocrx_word' id='word_1_164' title='bbox 398 2270 461 2317; x_wconf 89' lang='lat' dir='ltr'><strong>ad</strong></span> <span class='ocrx_word' id='word_1_165' title='bbox 482 2270 739 2318; x_wconf 76' lang='lat' dir='ltr'><strong>Caesarem.</strong></span> <span class='ocrx_word' id='word_1_166' title='bbox 1081 2287 1144 2320; x_wconf 94' lang='lat' dir='ltr'><strong>ou</strong></span> <span class='ocrx_word' id='word_1_167' title='bbox 1171 2275 1200 2319; x_wconf 77' lang='grc' dir='ltr'><strong>ὲ.</strong></span> <span class='ocrx_word' id='word_1_168' title='bbox 1221 2272 1383 2320; x_wconf 74' lang='lat' dir='ltr'><strong>Cesar.</strong></span> 
     </span>
    </p>

    <p class='ocr_par' dir='ltr' id='par_1_29' title="bbox 285 2335 1567 2400">
     <span class='ocr_line' id='line_1_30' title="bbox 285 2335 1567 2400; baseline 0.002 -15"><span class='ocrx_word' id='word_1_169' title='bbox 285 2336 432 2385; x_wconf 76' lang='lat' dir='ltr'><strong>cotta</strong></span> <span class='ocrx_word' id='word_1_170' title='bbox 460 2345 508 2384; x_wconf 83' lang='lat' dir='ltr'><strong>et</strong></span> <span class='ocrx_word' id='word_1_171' title='bbox 527 2335 770 2398; x_wconf 86' lang='lat' dir='ltr'><strong>Sulpicius</strong></span> <span class='ocrx_word' id='word_1_172' title='bbox 1081 2338 1221 2386; x_wconf 84' lang='lat' dir='ltr'><strong>Cotta</strong></span> <span class='ocrx_word' id='word_1_173' title='bbox 1247 2346 1293 2386; x_wconf 88' lang='lat' dir='ltr'><strong>et</strong></span> <span class='ocrx_word' id='word_1_174' title='bbox 1325 2338 1567 2400; x_wconf 86' lang='lat' dir='ltr'><strong>Sulpicius</strong></span> 
     </span>
    </p>

    <p class='ocr_par' dir='ltr' id='par_1_30' title="bbox 289 2403 1652 2464">
     <span class='ocr_line' id='line_1_31' title="bbox 289 2403 1652 2464; baseline 0.003 -14"><span class='ocrx_word' id='word_1_175' title='bbox 289 2403 639 2464; x_wconf 80' lang='lat' dir='ltr'><strong>expetebantur</strong></span> <span class='ocrx_word' id='word_1_176' title='bbox 1080 2406 1258 2463; x_wconf 77' lang='lat' dir='ltr'><strong>etaient</strong></span> <span class='ocrx_word' id='word_1_177' title='bbox 1279 2404 1558 2454; x_wconf 77' lang='lat' dir='ltr'><strong>recherches</strong></span> <span class='ocrx_word' id='word_1_178' title='bbox 1648 2413 1652 2417; x_wconf 85' lang='lat'>&#39;</span> 
     </span>
    </p>

    <p class='ocr_par' dir='ltr' id='par_1_31' title="bbox 289 2468 1468 2533">
     <span class='ocr_line' id='line_1_32' title="bbox 289 2468 1468 2533; baseline 0 -17"><span class='ocrx_word' id='word_1_179' title='bbox 289 2468 551 2516; x_wconf 83' lang='lat' dir='ltr'><strong>secundum</strong></span> <span class='ocrx_word' id='word_1_180' title='bbox 576 2468 856 2531; x_wconf 85' lang='lat' dir='ltr'><strong>Philippum</strong></span> <span class='ocrx_word' id='word_1_181' title='bbox 1081 2473 1220 2532; x_wconf 82' lang='lat' dir='ltr'><strong>apres</strong></span> <span class='ocrx_word' id='word_1_182' title='bbox 1244 2470 1468 2533; x_wconf 82' lang='lat' dir='ltr'><strong>Philippo</strong></span> 
     </span>
    </p>

    <p class='ocr_par' dir='ltr' id='par_1_32' title="bbox 289 2535 1317 2586">
     <span class='ocr_line' id='line_1_33' title="bbox 289 2535 1317 2586; baseline 0.002 -5"><span class='ocrx_word' id='word_1_183' title='bbox 289 2541 338 2583; x_wconf 76' lang='lat' dir='ltr'><strong>et</strong></span> <span class='ocrx_word' id='word_1_184' title='bbox 360 2535 615 2583; x_wconf 70' lang='lat' dir='ltr'><strong>Caesarem.</strong></span> <span class='ocrx_word' id='word_1_185' title='bbox 1081 2546 1128 2584; x_wconf 83' lang='lat' dir='ltr'><strong>et</strong></span> <span class='ocrx_word' id='word_1_186' title='bbox 1156 2538 1317 2586; x_wconf 79' lang='lat' dir='ltr'><strong>Cesar.</strong></span> 
     </span>
    </p>

    <p class='ocr_par' dir='ltr' id='par_1_33' title="bbox 291 2601 1799 2652">
     <span class='ocr_line' id='line_1_34' title="bbox 291 2601 1799 2652; baseline 0.001 -4"><span class='ocrx_word' id='word_1_187' title='bbox 291 2601 370 2648; x_wconf 81' lang='lat' dir='ltr'><strong>Ita</strong></span> <span class='ocrx_word' id='word_1_188' title='bbox 385 2617 544 2650; x_wconf 72' lang='lat' dir='ltr'><strong>causae</strong></span> <span class='ocrx_word' id='word_1_189' title='bbox 560 2604 776 2651; x_wconf 81' lang='lat' dir='ltr'><strong>illustres</strong></span> <span class='ocrx_word' id='word_1_190' title='bbox 1079 2604 1222 2651; x_wconf 88' lang='lat' dir='ltr'><strong>Ainsi</strong></span> <span class='ocrx_word' id='word_1_191' title='bbox 1245 2604 1316 2651; x_wconf 84' lang='lat' dir='ltr'><strong>les</strong></span> <span class='ocrx_word' id='word_1_192' title='bbox 1351 2617 1520 2650; x_wconf 83' lang='lat' dir='ltr'><strong>canses</strong></span> <span class='ocrx_word' id='word_1_193' title='bbox 1548 2603 1799 2652; x_wconf 83' lang='lat' dir='ltr'><strong>brillantes</strong></span> 
     </span>
    </p>

    <p class='ocr_par' dir='ltr' id='par_1_34' title="bbox 291 2669 1492 2732">
     <span class='ocr_line' id='line_1_35' title="bbox 291 2669 1492 2732; baseline 0.001 -17"><span class='ocrx_word' id='word_1_194' title='bbox 291 2669 562 2730; x_wconf 76' lang='lat' dir='ltr'><strong>agebantur</strong></span> <span class='ocrx_word' id='word_1_195' title='bbox 1080 2670 1258 2717; x_wconf 76' lang='lat' dir='ltr'><strong>etaient</strong></span> <span class='ocrx_word' id='word_1_196' title='bbox 1281 2669 1492 2732; x_wconf 80' lang='lat' dir='ltr'><strong>plaidees</strong></span> 
     </span>
    </p>

    <p class='ocr_par' dir='ltr' id='par_1_35' title="bbox 290 2733 1621 2797">
     <span class='ocr_line' id='line_1_36' title="bbox 290 2733 1621 2797; baseline 0.002 -18"><span class='ocrx_word' id='word_1_197' title='bbox 290 2735 353 2780; x_wconf 89' lang='lat' dir='ltr'><strong>ab</strong></span> <span class='ocrx_word' id='word_1_198' title='bbox 376 2735 438 2780; x_wconf 87' lang='lat' dir='ltr'><strong>iis</strong></span> <span class='ocrx_word' id='word_1_199' title='bbox 464 2750 549 2781; x_wconf 88' lang='lat' dir='ltr'><strong>sex</strong></span> <span class='ocrx_word' id='word_1_200' title='bbox 578 2733 822 2797; x_wconf 71' lang='lat' dir='ltr'><strong>patronisz</strong></span> <span class='ocrx_word' id='word_1_201' title='bbox 1078 2750 1168 2797; x_wconf 85' lang='lat' dir='ltr'><strong>par</strong></span> <span class='ocrx_word' id='word_1_202' title='bbox 1197 2751 1272 2784; x_wconf 85' lang='lat' dir='ltr'><strong>ces</strong></span> <span class='ocrx_word' id='word_1_203' title='bbox 1297 2738 1373 2782; x_wconf 86' lang='lat' dir='ltr'><strong>six</strong></span> <span class='ocrx_word' id='word_1_204' title='bbox 1393 2740 1621 2783; x_wconf 72' lang='lat' dir='ltr'><strong>avocatsz</strong></span> 
     </span>
    </p>

    <p class='ocr_par' dir='ltr' id='par_1_36' title="bbox 291 2799 1778 2863">
     <span class='ocr_line' id='line_1_37' title="bbox 291 2799 1778 2863; baseline 0.001 -14"><span class='ocrx_word' id='word_1_205' title='bbox 291 2799 534 2861; x_wconf 79' lang='lat' dir='ltr'><strong>etjudioia</strong></span> <span class='ocrx_word' id='word_1_206' title='bbox 550 2800 731 2849; x_wconf 84' lang='lat' dir='ltr'><strong>fiebant</strong></span> <span class='ocrx_word' id='word_1_207' title='bbox 1081 2809 1129 2848; x_wconf 81' lang='lat' dir='ltr'><strong>et</strong></span> <span class='ocrx_word' id='word_1_208' title='bbox 1154 2802 1235 2850; x_wconf 83' lang='lat' dir='ltr'><strong>des</strong></span> <span class='ocrx_word' id='word_1_209' title='bbox 1267 2804 1436 2863; x_wconf 78' lang='lat' dir='ltr'><strong>proces</strong></span> <span class='ocrx_word' id='word_1_210' title='bbox 1467 2801 1662 2849; x_wconf 87' lang='lat' dir='ltr'><strong>avaient</strong></span> <span class='ocrx_word' id='word_1_211' title='bbox 1680 2802 1778 2851; x_wconf 90' lang='lat' dir='ltr'><strong>lieu</strong></span> 
     </span>
    </p>

    <p class='ocr_par' dir='ltr' id='par_1_37' title="bbox 290 2867 1643 2916">
     <span class='ocr_line' id='line_1_38' title="bbox 290 2867 1643 2916; baseline 0.003 -5"><span class='ocrx_word' id='word_1_212' title='bbox 290 2879 391 2912; x_wconf 87' lang='lat' dir='ltr'><strong>non</strong></span> <span class='ocrx_word' id='word_1_213' title='bbox 415 2874 514 2914; x_wconf 85' lang='lat' dir='ltr'><strong>tam</strong></span> <span class='ocrx_word' id='word_1_214' title='bbox 530 2867 687 2914; x_wconf 87' lang='lat' dir='ltr'><strong>multa</strong></span> <span class='ocrx_word' id='word_1_215' title='bbox 1082 2883 1181 2915; x_wconf 91' lang='lat' dir='ltr'><strong>non</strong></span> <span class='ocrx_word' id='word_1_216' title='bbox 1209 2870 1340 2915; x_wconf 85' lang='lat' dir='ltr'><strong>aussi</strong></span> <span class='ocrx_word' id='word_1_217' title='bbox 1372 2868 1643 2916; x_wconf 87' lang='lat' dir='ltr'><strong>nombreux</strong></span> 
     </span>
    </p>

    <p class='ocr_par' dir='ltr' id='par_1_38' title="bbox 294 2935 1620 2997">
     <span class='ocr_line' id='line_1_39' title="bbox 294 2935 1620 2997; baseline 0.004 -20"><span class='ocrx_word' id='word_1_218' title='bbox 294 2945 440 2991; x_wconf 82' lang='lat' dir='ltr'><strong>quam</strong></span> <span class='ocrx_word' id='word_1_219' title='bbox 464 2941 632 2981; x_wconf 82' lang='lat' dir='ltr'><strong>nostra</strong></span> <span class='ocrx_word' id='word_1_220' title='bbox 652 2939 791 2980; x_wconf 82' lang='lat' dir='ltr'><strong>aetate</strong></span> <span class='ocrx_word' id='word_1_221' title='bbox 812 2947 823 2977; x_wconf 88' lang='lat'>:</span> <span class='ocrx_word' id='word_1_222' title='bbox 1083 2949 1175 2996; x_wconf 88' lang='lat' dir='ltr'><strong>que</strong></span> <span class='ocrx_word' id='word_1_223' title='bbox 1199 2935 1256 2982; x_wconf 89' lang='lat' dir='ltr'><strong>de</strong></span> <span class='ocrx_word' id='word_1_224' title='bbox 1274 2939 1414 2981; x_wconf 84' lang='lat' dir='ltr'><strong>notre</strong></span> <span class='ocrx_word' id='word_1_225' title='bbox 1441 2940 1620 2997; x_wconf 81' lang='lat' dir='ltr'><strong>temps3</strong></span> 
     </span>
    </p>

    <p class='ocr_par' dir='ltr' id='par_1_39' title="bbox 293 2999 1685 3061">
     <span class='ocr_line' id='line_1_40' title="bbox 293 2999 1685 3061; baseline 0.004 -18"><span class='ocrx_word' id='word_1_226' title='bbox 293 3011 451 3058; x_wconf 86' lang='lat' dir='ltr'><strong>neque</strong></span> <span class='ocrx_word' id='word_1_227' title='bbox 482 2999 594 3055; x_wconf 90' lang='lat' dir='ltr'><strong>hoc,</strong></span> <span class='ocrx_word' id='word_1_228' title='bbox 1085 3008 1132 3047; x_wconf 84' lang='lat' dir='ltr'><strong>et</strong></span> <span class='ocrx_word' id='word_1_229' title='bbox 1151 3001 1249 3048; x_wconf 91' lang='lat' dir='ltr'><strong>ceci</strong></span> <span class='ocrx_word' id='word_1_230' title='bbox 1275 3002 1452 3048; x_wconf 75' lang='lat' dir='ltr'><strong>n’avait</strong></span> <span class='ocrx_word' id='word_1_231' title='bbox 1469 3015 1554 3060; x_wconf 78' lang='lat' dir='ltr'><strong>pas</strong></span> <span class='ocrx_word' id='word_1_232' title='bbox 1580 3004 1685 3061; x_wconf 74' lang='lat' dir='ltr'><strong>lieu,</strong></span> 
     </span>
    </p>

    <p class='ocr_par' dir='ltr' id='par_1_40' title="bbox 291 3063 1694 3126">
     <span class='ocr_line' id='line_1_41' title="bbox 291 3063 1694 3126; baseline 0.004 -17"><span class='ocrx_word' id='word_1_233' title='bbox 291 3064 422 3124; x_wconf 81' lang='lat' dir='ltr'><strong>quod</strong></span> <span class='ocrx_word' id='word_1_234' title='bbox 444 3063 502 3113; x_wconf 87' lang='lat' dir='ltr'><strong>fit</strong></span> <span class='ocrx_word' id='word_1_235' title='bbox 525 3080 674 3122; x_wconf 88' lang='lat' dir='ltr'><strong>nunc,</strong></span> <span class='ocrx_word' id='word_1_236' title='bbox 1084 3067 1166 3126; x_wconf 90' lang='lat' dir='ltr'><strong>qui</strong></span> <span class='ocrx_word' id='word_1_237' title='bbox 1200 3082 1231 3113; x_wconf 83' lang='lat' dir='ltr'><strong>a</strong></span> <span class='ocrx_word' id='word_1_238' title='bbox 1253 3066 1352 3115; x_wconf 89' lang='lat' dir='ltr'><strong>lieu</strong></span> <span class='ocrx_word' id='word_1_239' title='bbox 1375 3068 1694 3124; x_wconf 82' lang='lat' dir='ltr'><strong>maintenant,</strong></span> 
     </span>
    </p>

    <p class='ocr_par' dir='ltr' id='par_1_41' title="bbox 292 3130 1557 3194">
     <span class='ocr_line' id='line_1_42' title="bbox 292 3130 1557 3194; baseline 0.003 -18"><span class='ocrx_word' id='word_1_240' title='bbox 292 3136 348 3176; x_wconf 84' lang='lat' dir='ltr'><strong>ut</strong></span> <span class='ocrx_word' id='word_1_241' title='bbox 371 3130 580 3193; x_wconf 77' lang='lat' dir='ltr'><strong>singulae</strong></span> <span class='ocrx_word' id='word_1_242' title='bbox 605 3145 764 3180; x_wconf 78' lang='lat' dir='ltr'><strong>causae</strong></span> <span class='ocrx_word' id='word_1_243' title='bbox 1084 3146 1176 3194; x_wconf 91' lang='lat' dir='ltr'><strong>que</strong></span> <span class='ocrx_word' id='word_1_244' title='bbox 1195 3133 1380 3193; x_wconf 86' lang='lat' dir='ltr'><strong>chaque</strong></span> <span class='ocrx_word' id='word_1_245' title='bbox 1415 3147 1557 3181; x_wconf 85' lang='lat' dir='ltr'><strong>cause</strong></span> 
     </span>
    </p>

    <p class='ocr_par' dir='ltr' id='par_1_42' title="bbox 294 3195 1811 3261">
     <span class='ocr_line' id='line_1_43' title="bbox 294 3195 1811 3261; baseline 0.003 -20"><span class='ocrx_word' id='word_1_246' title='bbox 294 3195 662 3246; x_wconf 83' lang='lat' dir='ltr'><strong>defenderentur</strong></span> <span class='ocrx_word' id='word_1_247' title='bbox 685 3212 713 3244; x_wconf 83' lang='lat' dir='ltr'><strong>a</strong></span> <span class='ocrx_word' id='word_1_248' title='bbox 734 3197 972 3259; x_wconf 83' lang='lat' dir='ltr'><strong>pluribus,</strong></span> <span class='ocrx_word' id='word_1_249' title='bbox 1079 3198 1157 3245; x_wconf 75' lang='lat' dir='ltr'><strong>fat</strong></span> <span class='ocrx_word' id='word_1_250' title='bbox 1181 3198 1413 3245; x_wconf 76' lang='lat' dir='ltr'><strong>defendue</strong></span> <span class='ocrx_word' id='word_1_251' title='bbox 1445 3214 1531 3260; x_wconf 86' lang='lat' dir='ltr'><strong>par</strong></span> <span class='ocrx_word' id='word_1_252' title='bbox 1555 3197 1811 3261; x_wconf 87' lang='lat' dir='ltr'><strong>plusieurs,</strong></span> 
     </span>
    </p>

    <p class='ocr_par' dir='ltr' id='par_1_43' title="bbox 292 3264 2126 3329">
     <span class='ocr_line' id='line_1_44' title="bbox 292 3264 2126 3329; baseline 0.001 -20"><span class='ocrx_word' id='word_1_253' title='bbox 292 3275 388 3322; x_wconf 88' lang='lat' dir='ltr'><strong>quo</strong></span> <span class='ocrx_word' id='word_1_254' title='bbox 419 3264 545 3312; x_wconf 86' lang='lat' dir='ltr'><strong>nihil</strong></span> <span class='ocrx_word' id='word_1_255' title='bbox 565 3265 803 3313; x_wconf 80' lang='lat' dir='ltr'><strong>vitiosius.</strong></span> <span class='ocrx_word' id='word_1_256' title='bbox 1077 3264 1625 3327; x_wconf 74' lang='lat' dir='ltr'><strong>au-prix-de-quoirien</strong></span> <span class='ocrx_word' id='word_1_257' title='bbox 1638 3264 1763 3313; x_wconf 85' lang='lat' dir='ltr'><strong>n’est</strong></span> <span class='ocrx_word' id='word_1_258' title='bbox 1783 3264 1894 3329; x_wconf 87' lang='lat' dir='ltr'><strong>plus</strong></span> <span class='ocrx_word' id='word_1_259' title='bbox 1921 3264 2126 3314; x_wconf 83' lang='lat' dir='ltr'><strong>vicieux.</strong></span> 
     </span>
    </p>

    <p class='ocr_par' dir='ltr' id='par_1_44' title="bbox 290 3327 1729 3393">
     <span class='ocr_line' id='line_1_45' title="bbox 290 3327 1729 3393; baseline 0.002 -18"><span class='ocrx_word' id='word_1_260' title='bbox 290 3327 652 3392; x_wconf 81' lang='lat' dir='ltr'><strong>Respondemus</strong></span> <span class='ocrx_word' id='word_1_261' title='bbox 678 3332 758 3391; x_wconf 89' lang='lat' dir='ltr'><strong>iis,</strong></span> <span class='ocrx_word' id='word_1_262' title='bbox 1079 3329 1216 3380; x_wconf 88' lang='lat' dir='ltr'><strong>Nous</strong></span> <span class='ocrx_word' id='word_1_263' title='bbox 1238 3333 1509 3393; x_wconf 73' lang='lat' dir='ltr'><strong>repondons</strong></span> <span class='ocrx_word' id='word_1_264' title='bbox 1537 3332 1567 3377; x_wconf 75' lang='lat' dir='ltr'><strong>a</strong></span> <span class='ocrx_word' id='word_1_265' title='bbox 1588 3345 1729 3387; x_wconf 85' lang='lat' dir='ltr'><strong>ceux,</strong></span> 
     </span>
    </p>

    <p class='ocr_par' dir='ltr' id='par_1_45' title="bbox 293 3396 1949 3458">
     <span class='ocr_line' id='line_1_46' title="bbox 293 3396 1949 3458; baseline 0.003 -18"><span class='ocrx_word' id='word_1_266' title='bbox 293 3408 416 3455; x_wconf 87' lang='lat' dir='ltr'><strong>quos</strong></span> <span class='ocrx_word' id='word_1_267' title='bbox 435 3410 531 3444; x_wconf 90' lang='lat' dir='ltr'><strong>non</strong></span> <span class='ocrx_word' id='word_1_268' title='bbox 548 3397 856 3456; x_wconf 80' lang='lat' dir='ltr'><strong>audivimus3</strong></span> <span class='ocrx_word' id='word_1_269' title='bbox 1084 3411 1176 3458; x_wconf 89' lang='lat' dir='ltr'><strong>que</strong></span> <span class='ocrx_word' id='word_1_270' title='bbox 1196 3411 1321 3443; x_wconf 90' lang='lat' dir='ltr'><strong>nous</strong></span> <span class='ocrx_word' id='word_1_271' title='bbox 1346 3396 1548 3443; x_wconf 85' lang='lat' dir='ltr'><strong>n’avons</strong></span> <span class='ocrx_word' id='word_1_272' title='bbox 1566 3411 1652 3458; x_wconf 81' lang='lat' dir='ltr'><strong>pas</strong></span> <span class='ocrx_word' id='word_1_273' title='bbox 1675 3398 1908 3445; x_wconf 88' lang='lat' dir='ltr'><strong>entendus</strong></span> <span class='ocrx_word' id='word_1_274' title='bbox 1934 3413 1949 3454; x_wconf 73' lang='grc' dir='ltr'>ς</span> 
     </span>
    </p>

    <p class='ocr_par' dir='ltr' id='par_1_46' title="bbox 292 3460 1506 3524">
     <span class='ocr_line' id='line_1_47' title="bbox 292 3460 1506 3524; baseline 0.003 -18"><span class='ocrx_word' id='word_1_275' title='bbox 292 3460 348 3507; x_wconf 84' lang='lat' dir='ltr'><strong>in</strong></span> <span class='ocrx_word' id='word_1_276' title='bbox 372 3474 469 3521; x_wconf 87' lang='lat' dir='ltr'><strong>quo</strong></span> <span class='ocrx_word' id='word_1_277' title='bbox 489 3464 699 3524; x_wconf 84' lang='lat' dir='ltr'><strong>primum</strong></span> <span class='ocrx_word' id='word_1_278' title='bbox 1086 3476 1145 3509; x_wconf 91' lang='lat' dir='ltr'><strong>en</strong></span> <span class='ocrx_word' id='word_1_279' title='bbox 1168 3463 1278 3523; x_wconf 89' lang='lat' dir='ltr'><strong>quoi</strong></span> <span class='ocrx_word' id='word_1_280' title='bbox 1306 3462 1506 3510; x_wconf 83' lang='lat' dir='ltr'><strong>d’abord</strong></span> 
     </span>
    </p>

    <p class='ocr_par' dir='ltr' id='par_1_47' title="bbox 295 3527 1891 3593">
     <span class='ocr_line' id='line_1_48' title="bbox 295 3527 1891 3593; baseline 0 -18"><span class='ocrx_word' id='word_1_281' title='bbox 295 3527 481 3576; x_wconf 86' lang='lat' dir='ltr'><strong>dictum</strong></span> <span class='ocrx_word' id='word_1_282' title='bbox 502 3537 573 3578; x_wconf 83' lang='lat' dir='ltr'><strong>est</strong></span> <span class='ocrx_word' id='word_1_283' title='bbox 599 3544 724 3593; x_wconf 73' lang='lat' dir='ltr'><strong>saepe</strong></span> <span class='ocrx_word' id='word_1_284' title='bbox 753 3529 912 3589; x_wconf 81' lang='lat' dir='ltr'><strong>aliter,</strong></span> <span class='ocrx_word' id='word_1_285' title='bbox 1087 3528 1125 3575; x_wconf 92' lang='lat' dir='ltr'><strong>il</strong></span> <span class='ocrx_word' id='word_1_286' title='bbox 1160 3542 1190 3576; x_wconf 82' lang='lat' dir='ltr'><strong>a</strong></span> <span class='ocrx_word' id='word_1_287' title='bbox 1210 3530 1284 3575; x_wconf 76' lang='lat' dir='ltr'><strong>ete</strong></span> <span class='ocrx_word' id='word_1_288' title='bbox 1306 3527 1376 3576; x_wconf 84' lang='lat' dir='ltr'><strong>dit</strong></span> <span class='ocrx_word' id='word_1_289' title='bbox 1396 3538 1601 3578; x_wconf 80' lang='lat' dir='ltr'><strong>souvent</strong></span> <span class='ocrx_word' id='word_1_290' title='bbox 1620 3536 1891 3578; x_wconf 82' lang='lat' dir='ltr'><strong>autrement</strong></span> 
     </span>
    </p>
   </div>
   <div class='ocr_carea' id='block_1_3' title="bbox 579 3632 1850 3684">
    <p class='ocr_par' dir='ltr' id='par_1_48' title="bbox 579 3632 1850 3684">
     <span class='ocr_line' id='line_1_49' title="bbox 579 3632 1850 3684; baseline -0.001 -3"><span class='ocrx_word' id='word_1_291' title='bbox 579 3641 787 3684; x_wconf 69' lang='lat' dir='ltr'><strong>saurus</strong></span> <span class='ocrx_word' id='word_1_292' title='bbox 1785 3632 1850 3681; x_wconf 89' lang='lat'><strong>15</strong></span> 
     </span>
    </p>
   </div>
  </div>
 </body>
</html>
