2592 4084
444 272 521 328 78
1235 280 1500 326 saurus,

514 402 653 456 Cum
689 398 796 454 hoc
833 401 1038 455 Catone
1077 399 1407 471 grandiore-s
1445 406 1577 453 natu
1618 399 1841 455 fuerunt
1869 400 1929 453 C.
1973 396 2303 469 Flaminius,

444 502 506 556 C.
533 501 723 570 Varro,
750 501 814 567 Q.
839 500 1131 571 Maximus,
1158 502 1223 567 Q.
1253 498 1531 570 Metellus,
1559 502 1622 555 P.
1648 499 1934 569 LentuluS,
1954 500 2018 554 P.
2045 500 2306 561 Crassus,

444 601 539 673 qui
571 617 699 656 cum
732 601 1023 672 supet-iore
1063 600 1321 656 Africano
1358 600 1551 657 consul
1591 600 1714 656 fuit.
1757 603 1947 673 Ipsum
1985 599 2306 670 Scipionem

443 701 761 773 accepimus
790 717 903 758 non
941 701 1207 758 infantem
1244 701 1442 769 fuisse3
1487 700 1635 756 filius
1667 699 1895 773 quidem
1921 699 2065 772 ejuS,
2104 699 2176 764 is,
2208 700 2304 772 qui

442 803 589 859 hunc
610 803 880 859 minorem
907 804 1223 876 Scipionem
1253 817 1288 858 a
1314 801 1510 858 Paullo
1531 801 1832 873 adoptavit,
1861 803 1908 857 si
1939 815 2172 873 corpore
2201 815 2304 855 va·

441 902 658 970 luisset,
690 904 746 960 in
773 904 971 975 primis
996 901 1215 959 habitus
1244 908 1394 959 esset
1410 901 1671 958 disertus.
1699 901 1951 958 Indicant
1977 917 2154 975 quum
2177 917 2307 957 ora·

439 1004 722 1076 tiunculae,
761 1011 884 1061 tum
912 1004 1146 1060 historia
1175 984 1671 1078 quaedam'Graeca,
1714 1004 1919 1074 scripta
1958 1003 2305 1059 dulcissime.

506 1107 621 1161 XX.
676 1108 1033 1177 Numeroque
1056 1104 1255 1161 eodem
1301 1105 1407 1161 fuit
1440 1107 1591 1162 Sext.
1635 1104 1833 1176 AElius,
1875 1104 2026 1177 juris
2074 1103 2307 1178 quidem

440 1206 622 1265 civilis
648 1206 896 1263 omnium
913 1205 1307 1283 peritissimus,
1331 1204 1432 1262 sed
1450 1205 1619 1283 etiam
1644 1204 1714 1261 ad
1728 1204 2028 1261 dicendum
2051 1210 2307 1277 paratus.

440 1309 520 1365 De
558 1309 864 1364 minoribus
889 1315 1096 1379 autem,
1142 1309 1204 1363 C.
1244 1308 1521 1381 Sulpicius
1544 1308 1755 1379 GalluS,
1788 1308 1881 1380 qui
1906 1307 2148 1363 maxime
2179 1322 2306 1362 om·

440 1409 598 1465 nium
633 1407 901 1465 nobilium
936 1408 1136 1480 graecis
1162 1407 1368 1464 litteris
1397 1408 1634 1480 studuit,
1663 1408 1826 1481 isque
1851 1413 1907 1465 et
1928 1413 2220 1464 oratorum
2249 1408 2310 1463 in

441 1525 674 1565 numero
713 1513 798 1565 est
827 1509 1068 1581 habitus,
1104 1517 1160 1566 et
1187 1509 1297 1564 fuit
1332 1510 1564 1582 reliquis
1618 1511 1785 1566 rebus
1825 1514 2081 1580 ornatus,
2137 1517 2314 1581 atque

443 1608 691 1680 elegans,
719 1611 844 1666 Jam
868 1610 1017 1666 enim
1037 1616 1159 1687 erat
1174 1584 1396 1666 unctior
1413 1611 1669 1683 quasdam
1683 1608 2144 1683 splendidiorque
2173 1624 2309 1664 con-

443 1710 676 1766 suetudo
705 1709 991 1782 loquendi.
1010 1714 1170 1778 Nam,
1196 1711 1303 1767 hoc
1325 1717 1562 1782 praetore
1582 1711 1743 1805 ludqs
1762 1710 2006 1782 Apollini
2032 1710 2310 1780 faciente,

442 1824 612 1880 quum
639 1810 915 1883 Thyesten
940 1808 1186 1867 fabulam
1221 1809 1521 1880 docuisset,
1552 1814 1619 1879 Q.
1649 1778 1881 1878 Marcie,
1921 1811 2022 1867 Cn.
2067 1809 2312 1866 Servilio

505 1979 587 2027 Du
610 1987 763 2043 temps
790 1979 848 2026 de
890 1979 1064 2041 Caton,
1091 1988 1141 2028 et
1166 1981 1277 2042 plns
1300 1981 1393 2043 agei
1422 1995 1516 2044 que
1537 1982 1625 2037 lui,
1653 1983 1885 2029 veeurent
1917 1982 1976 2032 C.
2005 1981 2309 2042 Flaminius,

439 2071 495 2121 C.
521 2072 735 2130 Vax-ron,
763 2072 824 2132 Q.
848 2070 1113 2129 Maximus,
1130 2070 1192 2133 Q.
1223 2072 1537 2130 Metellus‚P.
1564 2074 1826 2137 Lentulus,
1848 2075 1979 2123 enfin
1993 2075 2050 2122 P.
2076 2075 2312 2137 Crassus,

440 2169 525 2230 qui
559 2168 636 2216 fut
658 2168 830 2215 consul
847 2181 965 2214 aveo
987 2169 1035 2215 le
1056 2170 1264 2231 premier
1290 2170 1533 2219 Anionis.
1557 2170 1625 2220 Ge
1639 2171 1801 2233 grand
1819 2172 2016 2220 homme
2039 2173 2315 2222 lui-meme

440 2267 524 2310 sut
556 2262 744 2310 muniet
766 2262 814 2310 ls
838 2262 1017 2325 parole.
1046 2263 1141 2313 Son
1164 2263 1261 2321 fils,
1289 2266 1400 2328 pere
1434 2264 1622 2330 adoptit
1645 2267 1704 2315 de
1740 2267 1938 2331 Scipion
1959 2252 2203 2328 &miliem
2227 2270 2317 2315 eut

439 2356 514 2403 ete
540 2363 735 2404 orateur
776 2357 1040 2421 distingue,
1082 2360 1161 2407 s'il
1191 2360 1325 2408 avait
1357 2362 1460 2424 joui
1489 2362 1636 2411 d’une
1662 2364 1799 2410 sante
1835 2363 1949 2426 plus
1983 2364 2203 2411 robuste.
2236 2363 2315 2410 De

439 2451 583 2511 petits
605 2450 844 2513 discours,
890 2460 938 2500 et
972 2468 1069 2502 une
1088 2453 1289 2503 histoire
1310 2456 1456 2504 ecrite
1481 2471 1543 2505 en
1575 2473 1688 2521 grec
1713 2456 1831 2505 d'un
1860 2459 1989 2522 style
2012 2459 2110 2507 tort
2130 2461 2316 2521 agren-

441 2546 540 2605 ble,
565 2545 783 2596 donnent
804 2548 906 2596 lieu
930 2549 988 2596 de
1009 2550 1056 2598 le
1078 2564 1270 2613 penser-

506 2640 621 2690 XX.
661 2643 777 2692 Aux
796 2652 1016 2692 orateurs
1034 2659 1128 2707 que
1146 2647 1199 2708 je
1230 2646 1369 2694 viens
1399 2646 1458 2694 de
1480 2661 1721 2709 nommer,
1757 2650 1794 2696 il
1813 2649 1924 2697 faut
1944 2650 2139 2713 sjoutu·
2165 2649 2310 2702 Sext.

440 2723 601 2799 Illius,
627 2738 674 2787 le
697 2739 810 2802 plus
850 2749 1023 2789 suvant
1054 2740 1114 2789 de
1149 2747 1260 2789 tous
1297 2741 1420 2790 daus
1440 2742 1489 2790 10
1520 2743 1649 2793 droit
1681 2744 1816 2802 civil,
1843 2752 1891 2794 et
1916 2745 2000 2808 qui
2031 2745 2254 2809 joignait
2282 2749 2314 2795 ὃ

442 2839 564 2880 cette
592 2834 780 2881 science
806 2835 853 2881 le
880 2835 1036 2882 talent
1057 2835 1116 2883 de
1140 2835 1254 2884 bien
1288 2836 1405 2885 dire.
1427 2836 1596 2888 Parmi
1615 2855 1737 2890 ceux
1756 2841 1840 2904 qui
1864 2842 2050 2890 etaient
2070 2844 2184 2904 plns
2201 2844 2317 2905 Jou-

442 2941 546 2984 nes,
569 2931 728 2988 parsit
746 2925 803 2976 C.
830 2926 1077 2991 Sulpicius
1102 2928 1295 2988 Gallus,
1322 2932 1370 2979 Ie
1391 2932 1503 2996 plus
1525 2938 1659 2983 verse
1676 2935 1734 2984 de
1757 2945 1867 2986 tous
1890 2936 1962 2985 les
1986 2936 2159 2986 nobles
2182 2937 2312 2987 dans

442 3023 513 3069 les
533 3020 700 3070 lettres
721 3037 974 3086 greoques.
988 3023 1032 3071 11
1055 3023 1132 3072 fut
1154 3026 1248 3073 mis
1271 3026 1332 3075 de
1353 3042 1443 3076 son
1463 3039 1618 3093 temps
1652 3046 1716 3079 su
1734 3034 1937 3081 nombre
1957 3033 2040 3082 des
2059 3044 2312 3096 oratems.

442 3126 492 3165 et
523 3117 724 3180 posseda
764 3133 824 3165 en
858 3126 995 3166 outre
1022 3135 1116 3167 une
1152 3120 1284 3170 foule
1308 3123 1368 3171 de
1393 3124 1543 3174 belles
1567 3129 1955 3178 connaissances.
2001 3128 2311 3182 L’elocution

443 3214 766 3275 commencait
789 3213 872 3260 des
899 3214 999 3264 lors
1033 3218 1064 3262 ἰ
1101 3231 1154 3265 se
1179 3218 1309 3280 polit
1329 3225 1380 3267 et
1402 3223 1434 3266 ἐι
1454 3220 1648 3273 devenir
1686 3223 1795 3287 plus
1822 3225 2073 3275 brillsnte.
2113 3229 2161 3279 11
2187 3229 2315 3278 emit

444 3310 655 3370 present,
681 3317 729 3357 et
749 3310 978 3360 celebrait
1001 3309 1084 3360 des
1112 3312 1234 3377 jeux
1262 3329 1323 3362 en
1358 3314 1613 3365 l’honneur
1651 3318 1928 3383 d'Apollon,
1964 3323 2164 3388 lorsque
2197 3325 2313 3375 En-

445 3402 559 3453 nius
580 3413 780 3456 mourut
801 3410 940 3473 sprec
963 3411 1098 3461 avoir
1119 3410 1211 3461 fnit
1230 3415 1529 3476 representet
1550 3431 1605 3463 sa
1630 3416 1847 3478 tragedia
1879 3419 1939 3467 de
1964 3421 2166 3484 Thymo,
2189 3439 2314 3474 sous
