2592 4084
233 520 326 554 nec
341 513 563 554 versatus
579 506 695 555 satis
713 506 767 554 in
783 506 970 572 causis;

232 573 612 634 interjectusque

232 640 363 686 inter
379 639 503 686 duas
521 647 705 699 aetates,

231 705 485 753 Hortensii
505 711 553 753 et
579 705 800 769 Sulpicii,

233 787 326 818 nec
350 777 541 833 poterat

233 838 469 899 consequi
495 837 746 900 majorem,

233 911 285 951 et
301 913 408 951 erat
427 919 620 952 necesse

234 970 410 1017 cedere
431 971 627 1019 minori.

230 1034 415 1084 Omnis
442 1036 652 1084 facultas
673 1035 822 1100 huJ'us

232 1109 400 1164 potest
417 1104 621 1166 perspici

234 1182 300 1216 ex
335 1169 539 1218 historia
563 1170 740 1230 ipsius,

237 1248 372 1296 quaa,
398 1251 548 1297 quum
572 1235 737 1284 vincat
759 1235 903 1284 facile

235 1315 410 1349 omnes
432 1303 719 1364 superiores,

234 1373 346 1415 tum
373 1368 560 1416 indicat
592 1375 752 1416 tamen

236 1442 477 1496 quantum
501 1435 628 1483 absit
651 1451 681 1483 a
708 1449 913 1492 summo,

238 1515 483 1564 quamque
504 1502 597 1549 hoc
619 1516 774 1564 genus

237 1568 520 1631 scriptionis

235 1635 463 1682 nondum
498 1635 561 1682 sit
594 1635 894 1682 illustratum

238 1702 364 1748 satis
383 1702 561 1749 litteris
591 1702 776 1750 latinis.

235 1765 367 1815 Nam
380 1768 631 1831 ingenium
645 1768 703 1829 Q.
717 1765 980 1823 Hortensii,

237 1833 510 1881 admodum
534 1833 871 1894 adolescentis,

237 1908 300 1947 ut
319 1900 521 1964 signum
543 1899 750 1957 Phidioe,

235 1965 526 2028 adspectum
561 1972 634 2012 est

235 2039 292 2080 et
309 2032 568 2094 probatum
589 2030 753 2078 simul.

236 2098 307 2148 L.
335 2097 528 2152 Crasso,
556 2096 618 2158 Q.
645 2096 860 2146 Scaevola

235 2164 551 2226 consulibus,

237 2232 287 2280 is
312 2230 443 2291 dixit
468 2231 681 2293 primum
694 2230 745 2278 in
767 2229 890 2286 foro,

239 2302 294 2344 et
314 2296 445 2359 apud
465 2297 554 2344 hos
572 2297 798 2346 consules

239 2363 380 2427 ipsos
401 2363 612 2425 quidem,

242 2436 294 2480 et
312 2429 529 2478 discessit

240 2497 479 2560 probatus
495 2495 686 2558 judicio

244 2578 401 2625 quum
425 2576 590 2610 eorum
615 2562 700 2624 qui
728 2560 988 2618 affuerunt,

245 2636 354 2676 tum
377 2630 634 2676 consulum
652 2630 887 2690 ipsorum,

245 2696 334 2757 qui
361 2709 528 2742 omnes

245 2762 502 2809 anteibant
516 2760 857 2823 intelligentia.

245 2828 409 2876 Natus
427 2835 531 2875 erat
552 2843 608 2876 eo
632 2836 844 2891 tempore

248 2894 563 2956 undeviginti
588 2908 759 2942 annos.

247 2959 482 3008 Mortuus
509 2966 582 3008 est
605 2967 767 3008 autem

248 3026 311 3075 L.
334 3026 532 3084 Paullo,
558 3026 613 3076 C.
639 3026 872 3075 Marcello

252 3094 566 3153 consulibus3

252 3173 316 3207 ex
333 3173 428 3221 quo
463 3159 684 3208 videmus

253 3238 366 3274 eum
391 3225 540 3273 fuisse

252 3292 309 3340 in
333 3306 538 3340 numero
556 3298 871 3355 patronorum

258 3357 583 3421 quadraginta

256 3432 309 3471 et
342 3430 548 3484 quatuor
583 3439 751 3474 annos.

259 3489 493 3537 Dicemus
513 3491 654 3552 plurs

260 3555 324 3605 de
349 3557 442 3606 hoc
470 3565 659 3606 oratore

1027 389 1290 434 BRurus.
1965 379 2100 469 251α

1026 506 1078 555 ni
1101 508 1238 555 verse
1265 521 1397 556 assez
1424 507 1543 555 dans
1567 508 1615 557 le
1640 508 1873 575 barreau,

1025 580 1074 620 et
1102 574 1236 635 place

1031 646 1165 687 entre
1184 640 1253 687 les
1273 639 1403 688 deux
1425 640 1561 703 ages,

1032 705 1368 754 d’Hortensius
1387 713 1437 754 et
1465 706 1524 755 de
1542 707 1804 769 Sulpicius,

1032 772 1085 819 ni
1111 772 1150 820 il
1174 787 1233 820 m
1250 774 1452 836 pouvait

1032 838 1273 886 atteindre
1296 839 1343 886 le
1366 838 1475 901 plus
1492 841 1602 902 age,

1033 910 1083 952 et
1100 906 1139 953 il
1158 906 1278 953 etait
1300 907 1564 954 necessaire

1035 975 1104 1018 lui
1120 971 1258 1018 ceder
1277 985 1344 1019 au
1363 971 1473 1034 plus
1490 973 1658 1035 jeune.

1034 1037 1164 1085 Tout
1181 1038 1227 1085 le
1248 1038 1404 1087 taient
1427 1038 1486 1086 de
1503 1038 1699 1089 celui-ci

1034 1109 1152 1166 peut·
1174 1106 1273 1152 etre
1309 1119 1486 1168 apercu

1035 1183 1124 1232 par
1144 1170 1386 1218 l’histoire
1409 1172 1469 1218 de
1490 1172 1767 1228 lui-meme,

1037 1235 1262 1298 laquelle,
1284 1252 1472 1287 comme
1489 1238 1581 1285 elle
1599 1238 1849 1299 l'emporte
1866 1236 2100 1283 aisement

1039 1317 1123 1348 sur
1149 1310 1307 1351 toutes
1333 1309 1392 1352 les
1412 1307 1616 1352 histoires
1636 1304 1946 1360 anterieures,

1037 1368 1167 1416 alors
1182 1379 1373 1418 montre
1384 1371 1669 1418 neanmoins

1038 1436 1256 1482 combien
1270 1436 1364 1483 elle
1372 1445 1445 1484 est
1454 1438 1674 1499 eloignee
1685 1436 1742 1485 de
1748 1436 1800 1485 ls
1811 1433 2095 1498 perfection,

1038 1509 1089 1548 et
1111 1503 1333 1548 combien
1355 1517 1410 1550 ce
1433 1517 1581 1566 genre

1040 1566 1208 1615 d’ecrit

1039 1633 1122 1680 n’a
1144 1648 1230 1696 pas
1252 1648 1425 1683 encore
1444 1636 1517 1682 ete
1542 1635 1990 1684 traite-avee-eclat

1039 1714 1174 1746 assez
1204 1714 1290 1762 par
1314 1702 1382 1748 les
1404 1702 1569 1748 lettres
1596 1702 1788 1750 latines.

1041 1764 1139 1813 Car
1175 1767 1218 1812 le
1242 1768 1384 1828 genie
1398 1766 1457 1815 de
1478 1766 1538 1828 Q.
1565 1768 1875 1825 Hortensius,

1043 1834 1326 1880 tout-a-fait
1353 1834 1498 1897 jeune
1524 1834 1737 1891 homme,

1041 1912 1228 1945 comme
1249 1915 1346 1947 une
1369 1909 1526 1949 statue
1546 1901 1605 1948 de
1631 1900 1847 1958 Phidias,

1042 1979 1072 2010 a
1101 1966 1257 2011 ete‘vu

1044 2037 1092 2077 et
1112 2030 1341 2092 applaudi
1360 2035 1808 2098 en·meme·temps.

1042 2094 1100 2142 L.
1140 2096 1363 2154 Crassus,
1384 2098 1444 2159 Q.
1472 2098 1672 2149 Scevola

993 2176 1005 2199 κ
1045 2165 1425 2223 etant-consuls,

1047 2227 1085 2276 il
1104 2230 1242 2290 parla
1255 2233 1813 2295 pour-loepremiere-fois
1835 2248 1899 2281 au
1922 2234 2104 2297 forum,

1048 2301 1098 2342 et
1119 2294 1296 2343 devant
1316 2311 1398 2346 ees
1419 2300 1614 2347 consuls

1049 2365 1351 2409 eux-memes
1370 2364 1704 2424 precisement,

1045 2435 1094 2475 et
1117 2428 1154 2476 il
1172 2443 1220 2476 se
1241 2428 1393 2477 retii-s

1049 2496 1294 2558 approuve
1313 2510 1399 2557 par
1419 2496 1466 2542 le
1481 2495 1738 2560 jugement

1048 2568 1155 2607 tant
1183 2560 1239 2607 de
1263 2575 1388 2608 ceux
1413 2563 1496 2623 qui
1521 2562 1686 2611 furent
1705 2564 1943 2625 presents,

1046 2641 1138 2688 que
1163 2626 1245 2674 des
1266 2628 1465 2675 consuls
1488 2632 1812 2690 eux-memes,

1049 2693 1131 2754 qui
1154 2700 1266 2741 tous

1049 2760 1410 2822 l’emportaient
1433 2776 1521 2824 par
1544 2762 1590 2809 le
1607 2764 1750 2824 gout.

1049 2825 1093 2873 Il
1115 2826 1234 2874 etait
1251 2828 1344 2890 age
1363 2828 1393 2874 a
1416 2834 1541 2877 cette
1560 2830 1748 2890 epoque

1052 2890 1109 2938 de
1140 2892 1367 2940 dix-neuf
1391 2908 1497 2942 ans.

1053 2956 1124 3005 Or
1150 2959 1184 3004 il
1212 2967 1411 3007 mourut

1054 3023 1111 3070 L.
1139 3024 1361 3081 Paullus,
1396 3026 1454 3076 C.
1475 3026 1737 3074 Marcellus

1053 3093 1406 3139 etant-consuls
1419 3110 1432 3149 ς
1786 3119 1790 3123 -

1057 3157 1246 3219 d’apres
1269 3157 1384 3220 quoi
1408 3174 1532 3206 nous
1549 3173 1735 3221 voyons

1055 3222 1128 3269 lui
1151 3226 1287 3272 avoir
1307 3225 1383 3272 ete
1615 3238 1620 3243 ·
1689 3279 1694 3283 q

1057 3303 1123 3336 au
1143 3291 1346 3338 nombre
1369 3291 1451 3338 des
1482 3298 1678 3338 avocate

1060 3362 1294 3416 quarante

1060 3428 1107 3468 et
1141 3429 1310 3482 quatre
1342 3436 1452 3470 ans.

1060 3487 1195 3536 Nous
1214 3488 1464 3551 parlerons
1485 3488 1949 3553 plus-longuement

1066 3554 1125 3603 de
1145 3562 1220 3602 cet
1246 3561 1440 3604 orateur
