2592 4084
324 433 552 482 tribunua
574 429 753 493 plebia,

323 500 484 548 Mario
500 506 548 546 et
562 497 738 545 Flaeeo
760 495 1068 553 consulibua,

321 565 472 615 homo
498 563 780 622 simillimus

322 631 640 680 Atheniensis
660 628 949 693 Hyperboli,

319 698 470 762 eujus
487 703 669 745 veteres

322 763 579 814 oomoediae
604 761 880 813 Atticorum

322 836 623 880 notaverunt
638 827 1017 891 improbitatem.

323 897 441 945 Sex.
455 897 620 946 Titius
634 899 919 942 consecutus
931 907 1068 955 quoa,

321 963 474 1013 homo
494 964 679 1025 loquax
696 975 812 1009 sane
825 994 839 1017 ‚

321 1036 375 1078 et
398 1029 520 1077 eatis
542 1037 740 1083 aeutua,

322 1094 409 1144 aed
431 1102 532 1144 tam
558 1095 745 1143 solutus

323 1169 375 1209 et
401 1161 566 1209 mollia
587 1163 640 1209 in
663 1166 826 1222 gestu,

324 1234 383 1275 ut
404 1227 629 1289 quaedam
650 1227 843 1274 saltatio

323 1302 606 1342 nasceretur

323 1360 405 1406 oui
427 1360 675 1408 saltationi

324 1434 450 1473 esset
471 1441 651 1474 nomen
676 1424 837 1473 Titius
858 1443 873 1488 ς

325 1491 399 1539 ita
431 1492 703 1541 cavendum
740 1500 831 1549 eat,

328 1572 391 1604 ne
426 1558 579 1606 faeiaa
612 1556 804 1620 aliquid

325 1624 381 1670 in
418 1624 606 1687 agendo
636 1622 923 1681 dicendove,

327 1689 471 1752 cujus
506 1691 714 1738 imitatio
737 1689 969 1737 rideatur.

393 1755 573 1804 LXIII.
598 1755 690 1804 Sed
713 1755 891 1803 revecti
904 1768 1074 1802 sumus

328 1821 392 1868 ad
427 1829 621 1870 aetatem

327 1889 498 1952 paullo
530 1887 852 1950 superiorem3

328 1968 463 2002 nuno
482 1961 782 2001 revertamur
799 1951 861 1999 ad
880 1966 1004 2011 eam,

329 2019 392 2067 de
416 2034 515 2081 qua
535 2019 687 2066 loeuti
713 2033 882 2067 sumus

329 2085 662 2147 aliquantum.

329 2151 390 2200 P.
402 2151 658 2199 *Antistius
678 2148 830 2213 igitur

329 2216 428 2266 fuit
460 2216 752 2279 conjunctus

326 2286 465 2333 aetati
503 2282 726 2345 Sulpicii,

327 2351 504 2400 rabula
525 2364 640 2398 sane
659 2347 942 2411 probabilia,

327 2418 433 2479 qui,
458 2417 868 2478 quumxtaouiaaet

331 2484 514 2531 multos
548 2497 722 2539 annos,

329 2557 378 2597 et
400 2550 574 2598 solitus
591 2555 719 2596 eaaet

329 2629 430 2663 non
455 2615 610 2662 aolum
642 2614 906 2673 contemni,

330 2681 416 2728 aed
450 2682 595 2729 etiam
634 2680 843 2737 irrideri,

329 2762 483 2810 agene
513 2761 711 2796 eausam
746 2761 929 2804 veram,

329 2812 385 2860 in
418 2814 688 2872 tribunatu,

329 2887 506 2927 eontra
531 2880 668 2927 illam
694 2879 973 2942 petitionem

331 2945 766 2994 extraordinariam

331 3013 614 3060 consulatus
635 3012 691 3060 C.
715 3009 860 3071 Julii,

331 3080 566 3141 probatus
588 3086 661 3126 est
682 3077 895 3139 prinum
906 3096 923 3138 ;

331 3150 450 3193 eteo
473 3146 648 3208 magia.
679 3142 825 3204 quod,

333 3224 486 3271 quum
509 3212 594 3259 ille
612 3213 714 3274 ipae
735 3207 997 3274 Sulpieiua,

332 3277 525 3340 collega
543 3278 670 3340 ejua,

335 3351 504 3404 ageret
522 3344 739 3392 eamdem
757 3358 973 3402 eausam,

336 3405 420 3455 hie
441 3407 631 3457 dicebat
648 3410 810 3474 plura,

335 3481 388 3521 et
403 3477 639 3523 acutiora.

1128 312 1389 358 Bnu'rUS.
2067 301 2181 359 247

1124 428 1294 476 tribnn
1328 427 1395 476 du
1428 427 1624 490 periplo,

1125 495 1315 543 Mariua
1348 501 1398 543 et
1426 494 1629 542 Flaoeua
1661 493 2047 550 etant-consulu

1125 559 1321 608 homme
1354 559 1924 608 tout-a-fait-aemblable

1126 629 1157 673 a
1187 626 1468 674 l’Athenien
1500 622 1806 688 Hyperbolus
1821 660 1834 685 ,

1129 692 1247 741 dont
1277 693 1349 741 lea
1382 691 1641 741 anciennea

1128 758 1366 806 eomediea
1400 759 1485 807 dea
1516 759 1785 809 Atheniens

1129 832 1216 873 ont
1249 825 1376 873 fletri
1410 826 1463 873 la
1495 828 1772 886 perversitas.

1129 890 1254 939 Sex:
1280 892 1443 939 Titius
1465 892 1573 939 vint
1595 894 1734 954 apres
1758 895 1983 952 aux-ei,

1127 956 1323 1006 homme
1359 957 1740 1020 grand-perleui*
1772 965 1925 1008 oei-tes
1940 995 1953 1021 ‚

1129 1031 1177 1072 et
1211 1039 1344 1073 assez
1379 1024 1642 1087 ingenieux
1660 1058 1674 1081 ,

1128 1092 1253 1138 maia
1287 1092 1330 1138 ai
1365 1090 1912 1153 plain-dalaiaaer-aller

1129 1164 1176 1204 et
1203 1157 1478 1206 d’abandon
1509 1156 1631 1206 dana
1664 1158 1710 1205 le
1744 1164 1904 1221 geete,

1130 1238 1224 1284 que
1256 1223 1595 1272 une-aortede
1621 1223 1771 1272 danae

1127 1305 1182 1337 m
1214 1290 1409 1354 naquit,

1129 1357 1159 1403 a
1181 1356 1394 1418 laquelle
1423 1356 1571 1406 danae

1127 1423 1247 1470 etait
1278 1424 1326 1470 le
1359 1438 1475 1471 nom
1504 1423 1563 1471 de
1594 1422 1779 1488 Titiua3

1130 1489 1260 1536 ainai
1279 1490 1319 1536 il
1345 1488 1453 1537 faut
1475 1489 1679 1551 prendre
1699 1489 1871 1551 garde,

1130 1569 1224 1616 que
1245 1562 1299 1603 tu
1319 1570 1380 1603 ne
1404 1554 1553 1603 faaaea
1573 1556 1784 1619 ‚quelque
1805 1555 1948 1603 ohose

1130 1620 1252 1668 dana
1279 1621 1478 1670 l’aetion
1500 1636 1565 1670 ou
1587 1622 1707 1670 dana
1736 1624 1780 1670 le
1800 1620 1944 1684 style,

1131 1687 1250 1735 dont
1267 1688 1555 1735 l’imitation
1575 1688 1922 1736 soit-ridicule.

1193 1753 1373 1803 LXIII.
1399 1754 1525 1802 Maia
1547 1769 1673 1802 noua
1711 1768 1919 1803 sommea
1944 1754 2191 1803 remontea

1128 1819 1158 1867 a
1180 1835 1276 1869 une
1299 1823 1483 1884 epoque

1128 1901 1321 1949 un-peu
1340 1887 1687 1949 plna-reou1e03

1129 1954 1438 2001 maintenant
1463 1968 1696 2001 revenona
1719 1954 1749 2001 a
1771 1951 1890 2000 oelle

1131 2017 1189 2066 de
1213 2018 1424 2080 laquelle
1443 2034 1569 2068 noua
1595 2035 1746 2069 avons
1779 2019 1914 2083 parle

1130 2086 1470 2148 quelque-peu.

1129 2150 1189 2198 P.
1210 2153 1452 2201 Antistius
1475 2153 1601 2203 done

1130 2232 1179 2266 ae
1210 2218 1430 2267 rattaeha

1132 2284 1162 2331 a
1194 2284 1321 2345 l’age
1348 2285 1405 2332 de
1427 2284 1690 2348 Sulpicius,

1131 2351 1327 2412 pai-leur
1352 2366 1486 2398 asaez
1510 2352 1780 2408 estimable,

1133 2417 1236 2478 qui,
1275 2418 1414 2479 apres
1436 2417 1557 2478 qu’il
1583 2417 1741 2464 a’etait
1761 2423 1815 2464 tu

1132 2484 1376 2545 plusieurs
1401 2485 1578 2530 anneea

1131 2555 1181 2596 et
1205 2549 1338 2597 avait
1357 2556 1675 2597 eu-ooutume

1131 2617 1529 2664 non-seulement
1546 2615 1694 2663 ‹l’etre
1717 2613 1924 2677 ineptiae

1130 2683 1254 2729 maia
1275 2696 1448 2731 encore
1467 2680 2026 2742 d’etre-objet-de-riaee
2040 2716 2053 2739 ‚

1128 2749 1352 2811 plaidant
1385 2763 1481 2795 une
1503 2762 1646 2796 cauae
1663 2747 1811 2812 juste,

1129 2814 1250 2862 dana
1271 2830 1362 2862 aon
1384 2815 1621 2874 tribunat,

1129 2887 1296 2929 oontre
1319 2889 1443 2930 eette
1461 2880 1712 2946 pom-suite

1125 2947 1323 3010 illegale

1130 3013 1197 3060 du
1218 3013 1443 3062 consulat
1472 3013 1875 3076 saite-par-GaIua
1904 3013 2085 3073 Julius,

1131 3079 1209 3128 fut
1231 3079 1464 3143 applaudi
1487 3079 2099 3143 pour-la-premiete-foia5

1131 3153 1181 3194 et
1201 3145 1424 3194 ‹l'autant
1449 3146 1578 3208 plna,
1611 3161 1723 3208 que,

1131 3225 1320 3260 comme
1342 3227 1396 3260 ee
1417 3214 1574 3260 meme
1595 3211 1856 3276 Sulpicius,

1132 3279 1355 3341 eollegue
1389 3278 1448 3324 de
1465 3277 1678 3336 celui-ei,

1132 3343 1336 3406 plaidait
1365 3343 1416 3391 la
1433 3347 1589 3392 meme
1613 3358 1776 3403 eauae,

1134 3409 1340 3458 eelui-ei
1363 3409 1512 3457 diaait
1537 3409 1921 3472 plus-de-ehoaee

1136 3482 1185 3524 et
1201 3475 1286 3524 dea
1317 3478 1464 3524 chem
1487 3475 1763 3539 plna-finee-
