<?xml version="1.0" encoding="UTF-8"?>
<!DOCTYPE html PUBLIC "-//W3C//DTD XHTML 1.0 Transitional//EN"
    "http://www.w3.org/TR/xhtml1/DTD/xhtml1-transitional.dtd">
<html xmlns="http://www.w3.org/1999/xhtml" xml:lang="en" lang="en">
 <head>
  <title>
</title>
<meta http-equiv="Content-Type" content="text/html;charset=utf-8" />
  <meta name='ocr-system' content='tesseract 3.04.00' />
  <meta name='ocr-capabilities' content='ocr_page ocr_carea ocr_par ocr_line ocrx_word'/>
</head>
<body>
  <div class='ocr_page' id='page_1' title='image "./brutus03cicegoog/brutus03cicegoog_0373.png"; bbox 0 0 2592 4084; ppageno 0'>
   <div class='ocr_carea' id='block_1_1' title="bbox 264 523 951 3587">
    <p class='ocr_par' dir='ltr' id='par_1_1' title="bbox 265 523 838 566">
     <span class='ocr_line' id='line_1_1' title="bbox 265 523 838 566; baseline 0.005 -3"><span class='ocrx_word' id='word_1_1' title='bbox 265 528 330 563; x_wconf 85' lang='lat' dir='ltr'>ex</span> <span class='ocrx_word' id='word_1_2' title='bbox 353 530 557 564; x_wconf 85' lang='lat' dir='ltr'>numero</span> <span class='ocrx_word' id='word_1_3' title='bbox 588 523 838 566; x_wconf 82' lang='lat' dir='ltr'>oratorum</span> 
     </span>
    </p>

    <p class='ocr_par' dir='ltr' id='par_1_2' title="bbox 266 581 641 644">
     <span class='ocr_line' id='line_1_2' title="bbox 266 581 641 644; baseline -0.008 -13"><span class='ocrx_word' id='word_1_4' title='bbox 266 581 394 631; x_wconf 87' lang='lat' dir='ltr'>Tum</span> <span class='ocrx_word' id='word_1_5' title='bbox 428 584 641 644; x_wconf 85' lang='lat' dir='ltr'>primum</span> 
     </span>
    </p>

    <p class='ocr_par' dir='ltr' id='par_1_3' title="bbox 267 646 614 711">
     <span class='ocr_line' id='line_1_3' title="bbox 267 646 614 711; baseline 0 -16"><span class='ocrx_word' id='word_1_6' title='bbox 267 662 358 696; x_wconf 87' lang='lat' dir='ltr'>nos</span> <span class='ocrx_word' id='word_1_7' title='bbox 381 646 614 711; x_wconf 82' lang='lat' dir='ltr'>coepimus</span> 
     </span>
    </p>

    <p class='ocr_par' dir='ltr' id='par_1_4' title="bbox 268 709 732 770">
     <span class='ocr_line' id='line_1_4' title="bbox 268 709 732 770; baseline -0.002 -8"><span class='ocrx_word' id='word_1_8' title='bbox 268 711 403 762; x_wconf 72' lang='lat' dir='ltr'>adire</span> <span class='ocrx_word' id='word_1_9' title='bbox 423 715 484 760; x_wconf 91' lang='lat' dir='ltr'>ad</span> <span class='ocrx_word' id='word_1_10' title='bbox 505 728 692 770; x_wconf 84' lang='lat' dir='ltr'>causas,</span> <span class='ocrx_word' id='word_1_11' title='bbox 721 709 732 720; x_wconf 67' lang='lat'>⁸</span> 
     </span>
    </p>

    <p class='ocr_par' dir='ltr' id='par_1_5' title="bbox 268 780 551 842">
     <span class='ocr_line' id='line_1_5' title="bbox 268 780 551 842; baseline 0 -16"><span class='ocrx_word' id='word_1_12' title='bbox 268 783 318 826; x_wconf 82' lang='lat' dir='ltr'>et</span> <span class='ocrx_word' id='word_1_13' title='bbox 337 780 551 842; x_wconf 83' lang='lat' dir='ltr'>privatas</span> 
     </span>
    </p>

    <p class='ocr_par' dir='ltr' id='par_1_6' title="bbox 268 846 572 909">
     <span class='ocr_line' id='line_1_6' title="bbox 268 846 572 909; baseline 0.003 -17"><span class='ocrx_word' id='word_1_14' title='bbox 268 851 318 892; x_wconf 85' lang='lat' dir='ltr'>et</span> <span class='ocrx_word' id='word_1_15' title='bbox 336 846 572 909; x_wconf 75' lang='lat' dir='ltr'>publicae,</span> 
     </span>
    </p>

    <p class='ocr_par' dir='ltr' id='par_1_7' title="bbox 266 912 761 960">
     <span class='ocr_line' id='line_1_7' title="bbox 266 912 761 960; baseline -0.006 0"><span class='ocrx_word' id='word_1_16' title='bbox 266 924 368 960; x_wconf 79' lang='lat' dir='ltr'>non</span> <span class='ocrx_word' id='word_1_17' title='bbox 398 918 454 958; x_wconf 87' lang='lat' dir='ltr'>ut</span> <span class='ocrx_word' id='word_1_18' title='bbox 475 912 761 960; x_wconf 74' lang='lat' dir='ltr'>disceremus</span> 
     </span>
    </p>

    <p class='ocr_par' dir='ltr' id='par_1_8' title="bbox 266 976 474 1032">
     <span class='ocr_line' id='line_1_8' title="bbox 266 976 474 1032; baseline 0.01 -9"><span class='ocrx_word' id='word_1_19' title='bbox 266 976 322 1024; x_wconf 88' lang='lat' dir='ltr'>in</span> <span class='ocrx_word' id='word_1_20' title='bbox 348 976 474 1032; x_wconf 85' lang='lat' dir='ltr'>foro,</span> 
     </span>
    </p>

    <p class='ocr_par' dir='ltr' id='par_1_9' title="bbox 266 1043 886 1105">
     <span class='ocr_line' id='line_1_9' title="bbox 266 1043 886 1105; baseline 0.002 -16"><span class='ocrx_word' id='word_1_21' title='bbox 266 1043 400 1105; x_wconf 89' lang='lat' dir='ltr'>quod</span> <span class='ocrx_word' id='word_1_22' title='bbox 415 1043 629 1105; x_wconf 82' lang='lat' dir='ltr'>plerique</span> <span class='ocrx_word' id='word_1_23' title='bbox 650 1043 886 1101; x_wconf 84' lang='lat' dir='ltr'>fecerunt,</span> 
     </span>
    </p>

    <p class='ocr_par' dir='ltr' id='par_1_10' title="bbox 266 1109 723 1157">
     <span class='ocr_line' id='line_1_10' title="bbox 266 1109 723 1157; baseline 0.004 -2"><span class='ocrx_word' id='word_1_24' title='bbox 266 1109 353 1156; x_wconf 89' lang='lat' dir='ltr'>sed</span> <span class='ocrx_word' id='word_1_25' title='bbox 374 1116 432 1156; x_wconf 88' lang='lat' dir='ltr'>ut</span> <span class='ocrx_word' id='word_1_26' title='bbox 447 1109 723 1157; x_wconf 70' lang='lat' dir='ltr'><strong>veniremus</strong></span> 
     </span>
    </p>

    <p class='ocr_par' dir='ltr' id='par_1_11' title="bbox 268 1172 401 1223">
     <span class='ocr_line' id='line_1_11' title="bbox 268 1172 401 1223; baseline 0.008 -3"><span class='ocrx_word' id='word_1_27' title='bbox 268 1172 401 1223; x_wconf 84' lang='lat' dir='ltr'>docti</span> 
     </span>
    </p>

    <p class='ocr_par' dir='ltr' id='par_1_12' title="bbox 264 1238 529 1300">
     <span class='ocr_line' id='line_1_12' title="bbox 264 1238 529 1300; baseline -0.004 -13"><span class='ocrx_word' id='word_1_28' title='bbox 264 1238 321 1287; x_wconf 85' lang='lat' dir='ltr'>in</span> <span class='ocrx_word' id='word_1_29' title='bbox 348 1238 529 1300; x_wconf 85' lang='lat' dir='ltr'>forum,</span> 
     </span>
    </p>

    <p class='ocr_par' dir='ltr' id='par_1_13' title="bbox 267 1311 621 1366">
     <span class='ocr_line' id='line_1_13' title="bbox 267 1311 621 1366; baseline 0.006 -15"><span class='ocrx_word' id='word_1_30' title='bbox 267 1311 506 1366; x_wconf 80' lang='lat' dir='ltr'>quantum</span> <span class='ocrx_word' id='word_1_31' title='bbox 532 1319 621 1353; x_wconf 91' lang='lat' dir='ltr'>nos</span> 
     </span>
    </p>

    <p class='ocr_par' dir='ltr' id='par_1_14' title="bbox 266 1371 815 1432">
     <span class='ocr_line' id='line_1_14' title="bbox 266 1371 815 1432; baseline -0.002 -13"><span class='ocrx_word' id='word_1_32' title='bbox 266 1372 591 1432; x_wconf 82' lang='lat' dir='ltr'>potuissemus</span> <span class='ocrx_word' id='word_1_33' title='bbox 613 1371 815 1419; x_wconf 83' lang='lat' dir='ltr'>efficere.</span> 
     </span>
    </p>

    <p class='ocr_par' dir='ltr' id='par_1_15' title="bbox 265 1436 688 1499">
     <span class='ocr_line' id='line_1_15' title="bbox 265 1436 688 1499; baseline 0.002 -14"><span class='ocrx_word' id='word_1_34' title='bbox 265 1436 447 1485; x_wconf 79' lang='lat' dir='ltr'>Eodem</span> <span class='ocrx_word' id='word_1_35' title='bbox 474 1445 688 1499; x_wconf 87' lang='lat' dir='ltr'>tempore</span> 
     </span>
    </p>

    <p class='ocr_par' dir='ltr' id='par_1_16' title="bbox 269 1499 932 1567">
     <span class='ocr_line' id='line_1_16' title="bbox 269 1499 932 1567; baseline 0.002 -18"><span class='ocrx_word' id='word_1_36' title='bbox 269 1499 491 1550; x_wconf 80' lang='lat' dir='ltr'>dedimus</span> <span class='ocrx_word' id='word_1_37' title='bbox 511 1518 705 1567; x_wconf 83' lang='lat' dir='ltr'>operam</span> <span class='ocrx_word' id='word_1_38' title='bbox 724 1501 932 1561; x_wconf 74' lang='lat' dir='ltr'>Molon13</span> 
     </span>
    </p>

    <p class='ocr_par' dir='ltr' id='par_1_17' title="bbox 268 1566 825 1630">
     <span class='ocr_line' id='line_1_17' title="bbox 268 1566 825 1630; baseline 0.005 -15"><span class='ocrx_word' id='word_1_39' title='bbox 268 1566 407 1630; x_wconf 81' lang='lat' dir='ltr'>Sylla</span> <span class='ocrx_word' id='word_1_40' title='bbox 425 1572 553 1617; x_wconf 89' lang='lat' dir='ltr'>enim</span> <span class='ocrx_word' id='word_1_41' title='bbox 573 1571 825 1629; x_wconf 79' lang='lat' dir='ltr'>dictatore,</span> 
     </span>
    </p>

    <p class='ocr_par' dir='ltr' id='par_1_18' title="bbox 267 1637 681 1698">
     <span class='ocr_line' id='line_1_18' title="bbox 267 1637 681 1698; baseline 0.012 -19"><span class='ocrx_word' id='word_1_42' title='bbox 267 1643 467 1682; x_wconf 81' lang='lat' dir='ltr'>venerat</span> <span class='ocrx_word' id='word_1_43' title='bbox 488 1637 681 1698; x_wconf 82' lang='lat' dir='ltr'>legatus</span> 
     </span>
    </p>

    <p class='ocr_par' dir='ltr' id='par_1_19' title="bbox 268 1699 587 1749">
     <span class='ocr_line' id='line_1_19' title="bbox 268 1699 587 1749; baseline 0.009 -3"><span class='ocrx_word' id='word_1_44' title='bbox 268 1699 331 1746; x_wconf 83' lang='lat' dir='ltr'>ad</span> <span class='ocrx_word' id='word_1_45' title='bbox 366 1713 587 1749; x_wconf 84' lang='lat' dir='ltr'>senatum</span> 
     </span>
    </p>

    <p class='ocr_par' dir='ltr' id='par_1_20' title="bbox 270 1764 565 1828">
     <span class='ocr_line' id='line_1_20' title="bbox 270 1764 565 1828; baseline 0.007 -16"><span class='ocrx_word' id='word_1_46' title='bbox 270 1764 333 1813; x_wconf 81' lang='lat' dir='ltr'>de</span> <span class='ocrx_word' id='word_1_47' title='bbox 352 1768 565 1828; x_wconf 83' lang='lat' dir='ltr'>praemiis</span> 
     </span>
    </p>

    <p class='ocr_par' dir='ltr' id='par_1_21' title="bbox 267 1829 593 1880">
     <span class='ocr_line' id='line_1_21' title="bbox 267 1829 593 1880; baseline 0 0"><span class='ocrx_word' id='word_1_48' title='bbox 267 1829 593 1880; x_wconf 84' lang='lat' dir='ltr'>Rhodiorum.</span> 
     </span>
    </p>

    <p class='ocr_par' dir='ltr' id='par_1_22' title="bbox 266 1893 788 1958">
     <span class='ocr_line' id='line_1_22' title="bbox 266 1893 788 1958; baseline 0.002 -15"><span class='ocrx_word' id='word_1_49' title='bbox 266 1893 438 1958; x_wconf 76' lang='lat' dir='ltr'>Itaque</span> <span class='ocrx_word' id='word_1_50' title='bbox 463 1900 621 1958; x_wconf 88' lang='lat' dir='ltr'>prima</span> <span class='ocrx_word' id='word_1_51' title='bbox 642 1911 788 1945; x_wconf 84' lang='lat' dir='ltr'>causa</span> 
     </span>
    </p>

    <p class='ocr_par' dir='ltr' id='par_1_23' title="bbox 269 1962 485 2024">
     <span class='ocr_line' id='line_1_23' title="bbox 269 1962 485 2024; baseline 0.005 -16"><span class='ocrx_word' id='word_1_52' title='bbox 269 1962 485 2024; x_wconf 85' lang='lat' dir='ltr'>publiea,</span> 
     </span>
    </p>

    <p class='ocr_par' dir='ltr' id='par_1_24' title="bbox 270 2026 803 2090">
     <span class='ocr_line' id='line_1_24' title="bbox 270 2026 803 2090; baseline 0.008 -17"><span class='ocrx_word' id='word_1_53' title='bbox 270 2026 407 2075; x_wconf 87' lang='lat' dir='ltr'>dicta</span> <span class='ocrx_word' id='word_1_54' title='bbox 428 2043 514 2090; x_wconf 88' lang='lat' dir='ltr'>pro</span> <span class='ocrx_word' id='word_1_55' title='bbox 538 2028 587 2077; x_wconf 89' lang='lat' dir='ltr'>S.</span> <span class='ocrx_word' id='word_1_56' title='bbox 611 2029 803 2088; x_wconf 84' lang='lat' dir='ltr'>Roscio,</span> 
     </span>
    </p>

    <p class='ocr_par' dir='ltr' id='par_1_25' title="bbox 269 2092 655 2142">
     <span class='ocr_line' id='line_1_25' title="bbox 269 2092 655 2142; baseline 0.008 -3"><span class='ocrx_word' id='word_1_57' title='bbox 269 2092 443 2140; x_wconf 82' lang='lat' dir='ltr'>habuit</span> <span class='ocrx_word' id='word_1_58' title='bbox 464 2102 655 2142; x_wconf 83' lang='lat' dir='ltr'>tantum</span> 
     </span>
    </p>

    <p class='ocr_par' dir='ltr' id='par_1_26' title="bbox 272 2160 724 2217">
     <span class='ocr_line' id='line_1_26' title="bbox 272 2160 724 2217; baseline 0.002 -11"><span class='ocrx_word' id='word_1_59' title='bbox 272 2160 724 2217; x_wconf 79' lang='lat' dir='ltr'>commendationis,</span> 
     </span>
    </p>

    <p class='ocr_par' dir='ltr' id='par_1_27' title="bbox 272 2227 741 2286">
     <span class='ocr_line' id='line_1_27' title="bbox 272 2227 741 2286; baseline 0.004 -15"><span class='ocrx_word' id='word_1_60' title='bbox 272 2233 329 2272; x_wconf 81' lang='lat' dir='ltr'>nt</span> <span class='ocrx_word' id='word_1_61' title='bbox 354 2240 453 2272; x_wconf 90' lang='lat' dir='ltr'>non</span> <span class='ocrx_word' id='word_1_62' title='bbox 477 2227 582 2273; x_wconf 92' lang='lat' dir='ltr'>ulla</span> <span class='ocrx_word' id='word_1_63' title='bbox 599 2234 741 2286; x_wconf 85' lang='lat' dir='ltr'>esset,</span> 
     </span>
    </p>

    <p class='ocr_par' dir='ltr' id='par_1_28' title="bbox 271 2291 951 2355">
     <span class='ocr_line' id='line_1_28' title="bbox 271 2291 951 2355; baseline 0.003 -17"><span class='ocrx_word' id='word_1_64' title='bbox 271 2305 380 2352; x_wconf 78' lang='lat' dir='ltr'>quae</span> <span class='ocrx_word' id='word_1_65' title='bbox 402 2307 500 2339; x_wconf 87' lang='lat' dir='ltr'>non</span> <span class='ocrx_word' id='word_1_66' title='bbox 527 2292 768 2341; x_wconf 88' lang='lat' dir='ltr'>videretur</span> <span class='ocrx_word' id='word_1_67' title='bbox 801 2291 951 2355; x_wconf 83' lang='lat' dir='ltr'>digna</span> 
     </span>
    </p>

    <p class='ocr_par' dir='ltr' id='par_1_29' title="bbox 270 2358 749 2419">
     <span class='ocr_line' id='line_1_29' title="bbox 270 2358 749 2419; baseline 0.004 -16"><span class='ocrx_word' id='word_1_68' title='bbox 270 2363 439 2405; x_wconf 87' lang='lat' dir='ltr'>nostro</span> <span class='ocrx_word' id='word_1_69' title='bbox 463 2358 749 2419; x_wconf 87' lang='lat' dir='ltr'>patrocinio.</span> 
     </span>
    </p>

    <p class='ocr_par' dir='ltr' id='par_1_30' title="bbox 273 2420 873 2484">
     <span class='ocr_line' id='line_1_30' title="bbox 273 2420 873 2484; baseline 0.005 -15"><span class='ocrx_word' id='word_1_70' title='bbox 273 2420 510 2484; x_wconf 82' lang='lat' dir='ltr'>Deinceps</span> <span class='ocrx_word' id='word_1_71' title='bbox 530 2425 699 2471; x_wconf 80' lang='lat' dir='ltr'>multae</span> <span class='ocrx_word' id='word_1_72' title='bbox 734 2424 873 2480; x_wconf 84' lang='lat' dir='ltr'>inde,</span> 
     </span>
    </p>

    <p class='ocr_par' dir='ltr' id='par_1_31' title="bbox 275 2489 742 2551">
     <span class='ocr_line' id='line_1_31' title="bbox 275 2489 742 2551; baseline 0.004 -16"><span class='ocrx_word' id='word_1_73' title='bbox 275 2502 394 2551; x_wconf 85' lang='lat' dir='ltr'>quas</span> <span class='ocrx_word' id='word_1_74' title='bbox 420 2489 742 2537; x_wconf 82' lang='lat' dir='ltr'>afferebamus</span> 
     </span>
    </p>

    <p class='ocr_par' dir='ltr' id='par_1_32' title="bbox 272 2553 915 2603">
     <span class='ocr_line' id='line_1_32' title="bbox 272 2553 915 2603; baseline 0.011 -1"><span class='ocrx_word' id='word_1_75' title='bbox 272 2555 543 2603; x_wconf 83' lang='lat' dir='ltr'>elaboratas</span> <span class='ocrx_word' id='word_1_76' title='bbox 901 2553 915 2585; x_wconf 73' lang='lat'><strong><em>⁹</em></strong></span> 
     </span>
    </p>

    <p class='ocr_par' dir='ltr' id='par_1_33' title="bbox 274 2622 854 2685">
     <span class='ocr_line' id='line_1_33' title="bbox 274 2622 854 2685; baseline 0.005 -18"><span class='ocrx_word' id='word_1_77' title='bbox 274 2634 373 2668; x_wconf 91' lang='lat' dir='ltr'>non</span> <span class='ocrx_word' id='word_1_78' title='bbox 393 2623 557 2669; x_wconf 84' lang='lat' dir='ltr'>minus</span> <span class='ocrx_word' id='word_1_79' title='bbox 579 2622 854 2685; x_wconf 79' lang='lat' dir='ltr'>diligenter,</span> 
     </span>
    </p>

    <p class='ocr_par' dir='ltr' id='par_1_34' title="bbox 274 2689 940 2813">
     <span class='ocr_line' id='line_1_34' title="bbox 274 2689 919 2747; baseline 0.008 -16"><span class='ocrx_word' id='word_1_80' title='bbox 274 2692 324 2732; x_wconf 81' lang='lat' dir='ltr'>et</span> <span class='ocrx_word' id='word_1_81' title='bbox 347 2692 575 2747; x_wconf 82' lang='lat' dir='ltr'>tanquam</span> <span class='ocrx_word' id='word_1_82' title='bbox 598 2689 919 2736; x_wconf 79' lang='lat' dir='ltr'>elucubratas,</span> 
     </span>
     <span class='ocr_line' id='line_1_35' title="bbox 338 2750 940 2813; baseline 0.01 -15"><span class='ocrx_word' id='word_1_83' title='bbox 338 2750 467 2800; x_wconf 87' lang='lat' dir='ltr'>XCI.</span> <span class='ocrx_word' id='word_1_84' title='bbox 499 2751 738 2813; x_wconf 77' lang='lat' dir='ltr'>Quoniam</span> <span class='ocrx_word' id='word_1_85' title='bbox 762 2755 940 2803; x_wconf 79' lang='lat' dir='ltr'>videris</span> 
     </span>
    </p>

    <p class='ocr_par' dir='ltr' id='par_1_35' title="bbox 275 2816 709 2881">
     <span class='ocr_line' id='line_1_36' title="bbox 275 2816 709 2881; baseline 0.009 -18"><span class='ocrx_word' id='word_1_86' title='bbox 275 2816 400 2863; x_wconf 76' lang='lat' dir='ltr'>velle</span> <span class='ocrx_word' id='word_1_87' title='bbox 421 2830 709 2881; x_wconf 82' lang='lat' dir='ltr'>cognoscere</span> 
     </span>
    </p>

    <p class='ocr_par' dir='ltr' id='par_1_36' title="bbox 275 2891 550 2938">
     <span class='ocr_line' id='line_1_37' title="bbox 275 2891 550 2938; baseline 0.004 -10"><span class='ocrx_word' id='word_1_88' title='bbox 275 2896 353 2929; x_wconf 87' lang='lat' dir='ltr'>me</span> <span class='ocrx_word' id='word_1_89' title='bbox 376 2891 550 2938; x_wconf 85' lang='lat' dir='ltr'>totum,</span> 
     </span>
    </p>

    <p class='ocr_par' dir='ltr' id='par_1_37' title="bbox 273 2949 741 3009">
     <span class='ocr_line' id='line_1_38' title="bbox 273 2949 741 3009; baseline 0.006 -15"><span class='ocrx_word' id='word_1_90' title='bbox 273 2962 373 2995; x_wconf 90' lang='lat' dir='ltr'>non</span> <span class='ocrx_word' id='word_1_91' title='bbox 396 2949 563 3009; x_wconf 85' lang='lat' dir='ltr'>aliquo</span> <span class='ocrx_word' id='word_1_92' title='bbox 587 2962 741 3008; x_wconf 82' lang='lat' dir='ltr'>naevo,</span> 
     </span>
    </p>

    <p class='ocr_par' dir='ltr' id='par_1_38' title="bbox 273 3014 675 3077">
     <span class='ocr_line' id='line_1_39' title="bbox 273 3014 675 3077; baseline -0.007 -16"><span class='ocrx_word' id='word_1_93' title='bbox 273 3022 359 3061; x_wconf 78' lang='lat' dir='ltr'>aut</span> <span class='ocrx_word' id='word_1_94' title='bbox 383 3014 675 3077; x_wconf 70' lang='lat' dir='ltr'>crepundiis,</span> 
     </span>
    </p>

    <p class='ocr_par' dir='ltr' id='par_1_39' title="bbox 275 3079 764 3141">
     <span class='ocr_line' id='line_1_40' title="bbox 275 3079 764 3141; baseline 0.004 -15"><span class='ocrx_word' id='word_1_95' title='bbox 275 3079 359 3127; x_wconf 83' lang='lat' dir='ltr'>sed</span> <span class='ocrx_word' id='word_1_96' title='bbox 381 3083 517 3129; x_wconf 85' lang='lat' dir='ltr'>omui</span> <span class='ocrx_word' id='word_1_97' title='bbox 549 3094 764 3141; x_wconf 85' lang='lat' dir='ltr'>corpore,</span> 
     </span>
    </p>

    <p class='ocr_par' dir='ltr' id='par_1_40' title="bbox 275 3146 724 3209">
     <span class='ocr_line' id='line_1_41' title="bbox 275 3146 724 3209; baseline 0.004 -18"><span class='ocrx_word' id='word_1_98' title='bbox 275 3159 409 3193; x_wconf 90' lang='lat' dir='ltr'>nunc</span> <span class='ocrx_word' id='word_1_99' title='bbox 432 3146 724 3209; x_wconf 86' lang='lat' dir='ltr'>complectar</span> 
     </span>
    </p>

    <p class='ocr_par' dir='ltr' id='par_1_41' title="bbox 275 3213 704 3269">
     <span class='ocr_line' id='line_1_42' title="bbox 275 3213 704 3269; baseline 0.005 -12"><span class='ocrx_word' id='word_1_100' title='bbox 275 3213 517 3259; x_wconf 81' lang='lat' dir='ltr'>nonnulla</span> <span class='ocrx_word' id='word_1_101' title='bbox 540 3214 704 3269; x_wconf 84' lang='lat' dir='ltr'>etiam,</span> 
     </span>
    </p>

    <p class='ocr_par' dir='ltr' id='par_1_42' title="bbox 278 3277 661 3336">
     <span class='ocr_line' id='line_1_43' title="bbox 278 3277 661 3336; baseline 0.013 -15"><span class='ocrx_word' id='word_1_102' title='bbox 278 3289 387 3336; x_wconf 80' lang='lat' dir='ltr'>quse</span> <span class='ocrx_word' id='word_1_103' title='bbox 407 3277 661 3326; x_wconf 83' lang='lat' dir='ltr'>videantur</span> 
     </span>
    </p>

    <p class='ocr_par' dir='ltr' id='par_1_43' title="bbox 276 3341 481 3389">
     <span class='ocr_line' id='line_1_44' title="bbox 276 3341 481 3389; baseline 0.005 -1"><span class='ocrx_word' id='word_1_104' title='bbox 276 3341 481 3389; x_wconf 84' lang='lat' dir='ltr'>fortasse</span> 
     </span>
    </p>

    <p class='ocr_par' dir='ltr' id='par_1_44' title="bbox 278 3408 756 3458">
     <span class='ocr_line' id='line_1_45' title="bbox 278 3408 756 3458; baseline 0.013 -6"><span class='ocrx_word' id='word_1_105' title='bbox 278 3408 445 3453; x_wconf 86' lang='lat' dir='ltr'>minus</span> <span class='ocrx_word' id='word_1_106' title='bbox 468 3410 756 3458; x_wconf 77' lang='lat' dir='ltr'>necessaria.</span> 
     </span>
    </p>

    <p class='ocr_par' dir='ltr' id='par_1_45' title="bbox 278 3473 598 3535">
     <span class='ocr_line' id='line_1_46' title="bbox 278 3473 598 3535; baseline 0 -15"><span class='ocrx_word' id='word_1_107' title='bbox 278 3473 352 3520; x_wconf 81' lang='lat' dir='ltr'>Eo</span> <span class='ocrx_word' id='word_1_108' title='bbox 384 3481 598 3535; x_wconf 85' lang='lat' dir='ltr'>tempore</span> 
     </span>
    </p>

    <p class='ocr_par' dir='ltr' id='par_1_46' title="bbox 276 3539 629 3587">
     <span class='ocr_line' id='line_1_47' title="bbox 276 3539 629 3587; baseline 0 -1"><span class='ocrx_word' id='word_1_109' title='bbox 276 3546 383 3586; x_wconf 88' lang='lat' dir='ltr'>erat</span> <span class='ocrx_word' id='word_1_110' title='bbox 410 3540 464 3586; x_wconf 88' lang='lat' dir='ltr'>in</span> <span class='ocrx_word' id='word_1_111' title='bbox 488 3539 629 3587; x_wconf 88' lang='lat' dir='ltr'>nobis</span> 
     </span>
    </p>
   </div>
   <div class='ocr_carea' id='block_1_2' title="bbox 1063 401 1310 447">
    <p class='ocr_par' dir='ltr' id='par_1_47' title="bbox 1063 401 1310 447">
     <span class='ocr_line' id='line_1_48' title="bbox 1063 401 1310 447; baseline -0.012 -2"><span class='ocrx_word' id='word_1_112' title='bbox 1063 401 1310 447; x_wconf 85' lang='lat' dir='ltr'>BRUTUS.</span> 
     </span>
    </p>
   </div>
   <div class='ocr_carea' id='block_1_3' title="bbox 1052 515 1796 643">
    <p class='ocr_par' dir='ltr' id='par_1_48' title="bbox 1052 515 1796 643">
     <span class='ocr_line' id='line_1_49' title="bbox 1054 515 1791 565; baseline -0.004 -1"><span class='ocrx_word' id='word_1_113' title='bbox 1054 515 1120 565; x_wconf 85' lang='lat' dir='ltr'>du</span> <span class='ocrx_word' id='word_1_114' title='bbox 1145 516 1345 563; x_wconf 87' lang='lat' dir='ltr'>nombre</span> <span class='ocrx_word' id='word_1_115' title='bbox 1372 515 1454 561; x_wconf 88' lang='lat' dir='ltr'>des</span> <span class='ocrx_word' id='word_1_116' title='bbox 1475 519 1708 563; x_wconf 80' lang='lat' dir='ltr'>orateurs.</span> <span class='ocrx_word' id='word_1_117' title='bbox 1790 525 1791 528; x_wconf 74' lang='grc'>’</span> 
     </span>
     <span class='ocr_line' id='line_1_50' title="bbox 1052 578 1796 643; baseline -0.005 -13"><span class='ocrx_word' id='word_1_118' title='bbox 1052 583 1196 630; x_wconf 79' lang='lat' dir='ltr'>Alors</span> <span class='ocrx_word' id='word_1_119' title='bbox 1220 578 1796 643; x_wconf 76' lang='lat' dir='ltr'>pour-la-premiere-fois</span> 
     </span>
    </p>
   </div>
   <div class='ocr_carea' id='block_1_4' title="bbox 1050 650 1609 1035">
    <p class='ocr_par' dir='ltr' id='par_1_49' title="bbox 1050 650 1609 842">
     <span class='ocr_line' id='line_1_51' title="bbox 1050 650 1577 709; baseline -0.006 -14"><span class='ocrx_word' id='word_1_120' title='bbox 1050 662 1176 696; x_wconf 89' lang='lat' dir='ltr'>nous</span> <span class='ocrx_word' id='word_1_121' title='bbox 1199 650 1577 709; x_wconf 66' lang='lat' dir='ltr'>commencames</span> 
     </span>
     <span class='ocr_line' id='line_1_52' title="bbox 1053 713 1609 778; baseline -0.002 -17"><span class='ocrx_word' id='word_1_122' title='bbox 1053 714 1084 761; x_wconf 67' lang='lat' dir='ltr'>a</span> <span class='ocrx_word' id='word_1_123' title='bbox 1105 713 1307 762; x_wconf 82' lang='lat' dir='ltr'>aborder</span> <span class='ocrx_word' id='word_1_124' title='bbox 1328 713 1399 761; x_wconf 89' lang='lat' dir='ltr'>les</span> <span class='ocrx_word' id='word_1_125' title='bbox 1423 726 1609 778; x_wconf 77' lang='lat' dir='ltr'>causes,</span> 
     </span>
     <span class='ocr_line' id='line_1_53' title="bbox 1053 780 1305 842; baseline -0.004 -15"><span class='ocrx_word' id='word_1_126' title='bbox 1053 784 1100 827; x_wconf 84' lang='lat' dir='ltr'>et</span> <span class='ocrx_word' id='word_1_127' title='bbox 1120 780 1305 842; x_wconf 72' lang='lat' dir='ltr'>privees</span> 
     </span>
    </p>

    <p class='ocr_par' dir='ltr' id='par_1_50' title="bbox 1053 846 1395 909">
     <span class='ocr_line' id='line_1_54' title="bbox 1053 846 1395 909; baseline -0.003 -16"><span class='ocrx_word' id='word_1_128' title='bbox 1053 852 1101 893; x_wconf 90' lang='lat' dir='ltr'>et</span> <span class='ocrx_word' id='word_1_129' title='bbox 1121 846 1395 909; x_wconf 86' lang='lat' dir='ltr'>publiques‚</span> 
     </span>
    </p>

    <p class='ocr_par' dir='ltr' id='par_1_51' title="bbox 1053 907 1590 1035">
     <span class='ocr_line' id='line_1_55' title="bbox 1054 907 1590 1024; baseline -0.002 -67"><span class='ocrx_word' id='word_1_130' title='bbox 1054 926 1171 1024; x_wconf 83' lang='lat' dir='ltr'>nonf</span> <span class='ocrx_word' id='word_1_131' title='bbox 1180 926 1304 974; x_wconf 85' lang='lat' dir='ltr'>pour</span> <span class='ocrx_word' id='word_1_132' title='bbox 1324 907 1590 973; x_wconf 80' lang='lat' dir='ltr'>apprendre</span> 
     </span>
     <span class='ocr_line' id='line_1_56' title="bbox 1053 991 1324 1035; baseline 0 -11"><span class='ocrx_word' id='word_1_133' title='bbox 1053 991 1119 1024; x_wconf 88' lang='lat' dir='ltr'>au</span> <span class='ocrx_word' id='word_1_134' title='bbox 1166 992 1324 1035; x_wconf 86' lang='lat' dir='ltr'>orum,</span> 
     </span>
    </p>
   </div>
   <div class='ocr_carea' id='block_1_5' title="bbox 1053 1017 1835 1120">
    <p class='ocr_par' dir='ltr' id='par_1_52' title="bbox 1053 1017 1835 1120">
     <span class='ocr_line' id='line_1_57' title="bbox 1053 1017 1835 1120; baseline -0.003 -30"><span class='ocrx_word' id='word_1_135' title='bbox 1053 1057 1108 1090; x_wconf 88' lang='lat' dir='ltr'>ce</span> <span class='ocrx_word' id='word_1_136' title='bbox 1132 1057 1225 1104; x_wconf 88' lang='lat' dir='ltr'>que</span> <span class='ocrx_word' id='word_1_137' title='bbox 1245 1043 1297 1090; x_wconf 90' lang='lat' dir='ltr'>la</span> <span class='ocrx_word' id='word_1_138' title='bbox 1317 1043 1513 1120; x_wconf 69' lang='lat' dir='ltr'>plupart</span> <span class='ocrx_word' id='word_1_139' title='bbox 1536 1046 1623 1089; x_wconf 90' lang='lat' dir='ltr'>ont</span> <span class='ocrx_word' id='word_1_140' title='bbox 1640 1039 1753 1107; x_wconf 75' lang='lat' dir='ltr'>fait,</span> <span class='ocrx_word' id='word_1_141' title='bbox 1798 1017 1835 1030; x_wconf 38' lang='grc' dir='ltr'>Η</span> 
     </span>
    </p>
   </div>
   <div class='ocr_carea' id='block_1_6' title="bbox 1051 1111 1593 1499">
    <p class='ocr_par' dir='ltr' id='par_1_53' title="bbox 1051 1111 1474 1221">
     <span class='ocr_line' id='line_1_58' title="bbox 1053 1111 1474 1170; baseline 0 -15"><span class='ocrx_word' id='word_1_142' title='bbox 1053 1111 1176 1156; x_wconf 83' lang='lat' dir='ltr'>mais</span> <span class='ocrx_word' id='word_1_143' title='bbox 1197 1124 1322 1170; x_wconf 82' lang='lat' dir='ltr'>pour</span> <span class='ocrx_word' id='word_1_144' title='bbox 1337 1122 1474 1156; x_wconf 78' lang='lat' dir='ltr'>vemt</span> 
     </span>
     <span class='ocr_line' id='line_1_59' title="bbox 1051 1183 1246 1221; baseline 0 0"><span class='ocrx_word' id='word_1_145' title='bbox 1051 1183 1246 1221; x_wconf 76' lang='lat' dir='ltr'>savants</span> 
     </span>
    </p>

    <p class='ocr_par' dir='ltr' id='par_1_54' title="bbox 1055 1240 1325 1298">
     <span class='ocr_line' id='line_1_60' title="bbox 1055 1240 1325 1298; baseline 0 -11"><span class='ocrx_word' id='word_1_146' title='bbox 1055 1254 1118 1287; x_wconf 80' lang='lat' dir='ltr'>au</span> <span class='ocrx_word' id='word_1_147' title='bbox 1145 1240 1325 1298; x_wconf 86' lang='lat' dir='ltr'>forum,</span> 
     </span>
    </p>

    <p class='ocr_par' dir='ltr' id='par_1_55' title="bbox 1053 1313 1593 1499">
     <span class='ocr_line' id='line_1_61' title="bbox 1055 1313 1486 1369; baseline -0.002 -16"><span class='ocrx_word' id='word_1_148' title='bbox 1055 1313 1225 1353; x_wconf 67' lang='lat' dir='ltr'>nutant</span> <span class='ocrx_word' id='word_1_149' title='bbox 1250 1322 1341 1369; x_wconf 86' lang='lat' dir='ltr'>que</span> <span class='ocrx_word' id='word_1_150' title='bbox 1363 1320 1486 1353; x_wconf 88' lang='lat' dir='ltr'>nous</span> 
     </span>
     <span class='ocr_line' id='line_1_62' title="bbox 1053 1371 1593 1435; baseline -0.004 -16"><span class='ocrx_word' id='word_1_151' title='bbox 1053 1373 1249 1419; x_wconf 84' lang='lat' dir='ltr'>auriens</span> <span class='ocrx_word' id='word_1_152' title='bbox 1283 1387 1348 1435; x_wconf 89' lang='lat' dir='ltr'>pu</span> <span class='ocrx_word' id='word_1_153' title='bbox 1372 1376 1411 1418; x_wconf 79' lang='lat' dir='ltr'>le</span> <span class='ocrx_word' id='word_1_154' title='bbox 1436 1371 1570 1418; x_wconf 84' lang='lat' dir='ltr'>faire.</span> <span class='ocrx_word' id='word_1_155' title='bbox 1590 1375 1593 1378; x_wconf 77' lang='grc'>’</span> 
     </span>
     <span class='ocr_line' id='line_1_63' title="bbox 1053 1439 1550 1499; baseline -0.004 -14"><span class='ocrx_word' id='word_1_156' title='bbox 1053 1440 1100 1486; x_wconf 88' lang='lat' dir='ltr'>A</span> <span class='ocrx_word' id='word_1_157' title='bbox 1123 1439 1172 1485; x_wconf 87' lang='lat' dir='ltr'>la</span> <span class='ocrx_word' id='word_1_158' title='bbox 1192 1440 1348 1486; x_wconf 67' lang='lat' dir='ltr'>meme</span> <span class='ocrx_word' id='word_1_159' title='bbox 1369 1440 1550 1499; x_wconf 73' lang='lat' dir='ltr'>epoque</span> 
     </span>
    </p>
   </div>
   <div class='ocr_carea' id='block_1_7' title="bbox 1980 389 2097 446">
    <p class='ocr_par' dir='ltr' id='par_1_56' title="bbox 1980 389 2097 446">
     <span class='ocr_line' id='line_1_64' title="bbox 1980 389 2097 446; baseline -0.009 -1"><span class='ocrx_word' id='word_1_160' title='bbox 1980 389 2097 446; x_wconf 71' lang='lat'>361</span> 
     </span>
    </p>
   </div>
   <div class='ocr_carea' id='block_1_8' title="bbox 1054 1498 1983 1566">
    <p class='ocr_par' dir='ltr' id='par_1_57' title="bbox 1054 1498 1983 1566">
     <span class='ocr_line' id='line_1_65' title="bbox 1054 1498 1983 1566; baseline -0.009 -14"><span class='ocrx_word' id='word_1_161' title='bbox 1054 1519 1176 1552; x_wconf 88' lang='lat' dir='ltr'>nous</span> <span class='ocrx_word' id='word_1_162' title='bbox 1200 1509 1379 1566; x_wconf 74' lang='lat' dir='ltr'>primes</span> <span class='ocrx_word' id='word_1_163' title='bbox 1400 1502 1483 1549; x_wconf 89' lang='lat' dir='ltr'>des</span> <span class='ocrx_word' id='word_1_164' title='bbox 1506 1505 1667 1564; x_wconf 73' lang='lat' dir='ltr'>lecons</span> <span class='ocrx_word' id='word_1_165' title='bbox 1688 1499 1746 1548; x_wconf 89' lang='lat' dir='ltr'>de</span> <span class='ocrx_word' id='word_1_166' title='bbox 1778 1498 1945 1548; x_wconf 81' lang='lat' dir='ltr'>Melon</span> <span class='ocrx_word' id='word_1_167' title='bbox 1964 1513 1983 1556; x_wconf 69' lang='grc' dir='ltr'>ς</span> 
     </span>
    </p>
   </div>
   <div class='ocr_carea' id='block_1_9' title="bbox 1052 1568 1764 1880">
    <p class='ocr_par' dir='ltr' id='par_1_58' title="bbox 1054 1568 1764 1755">
     <span class='ocr_line' id='line_1_66' title="bbox 1054 1568 1722 1631; baseline -0.007 -14"><span class='ocrx_word' id='word_1_168' title='bbox 1054 1585 1138 1617; x_wconf 85' lang='lat' dir='ltr'>car</span> <span class='ocrx_word' id='word_1_169' title='bbox 1161 1569 1299 1631; x_wconf 86' lang='lat' dir='ltr'>Sylla</span> <span class='ocrx_word' id='word_1_170' title='bbox 1321 1571 1445 1615; x_wconf 68' lang='lat' dir='ltr'>itant</span> <span class='ocrx_word' id='word_1_171' title='bbox 1468 1568 1722 1624; x_wconf 77' lang='lat' dir='ltr'>dictatant,</span> 
     </span>
     <span class='ocr_line' id='line_1_67' title="bbox 1054 1633 1764 1695; baseline -0.007 -12"><span class='ocrx_word' id='word_1_172' title='bbox 1054 1636 1093 1683; x_wconf 92' lang='lat' dir='ltr'>il</span> <span class='ocrx_word' id='word_1_173' title='bbox 1110 1636 1228 1683; x_wconf 79' lang='lat' dir='ltr'>etait</span> <span class='ocrx_word' id='word_1_174' title='bbox 1249 1650 1377 1682; x_wconf 81' lang='lat' dir='ltr'>venu</span> <span class='ocrx_word' id='word_1_175' title='bbox 1400 1648 1565 1681; x_wconf 81' lang='lat' dir='ltr'>comme</span> <span class='ocrx_word' id='word_1_176' title='bbox 1592 1633 1764 1695; x_wconf 67' lang='lat' dir='ltr'>deputo</span> 
     </span>
     <span class='ocr_line' id='line_1_68' title="bbox 1056 1701 1468 1755; baseline -0.005 -7"><span class='ocrx_word' id='word_1_177' title='bbox 1056 1701 1228 1749; x_wconf 80' lang='lat' dir='ltr'>devant</span> <span class='ocrx_word' id='word_1_178' title='bbox 1250 1703 1295 1749; x_wconf 91' lang='lat' dir='ltr'>le</span> <span class='ocrx_word' id='word_1_179' title='bbox 1315 1703 1468 1755; x_wconf 82' lang='lat' dir='ltr'>se&#39;nat.</span> 
     </span>
    </p>

    <p class='ocr_par' dir='ltr' id='par_1_59' title="bbox 1052 1767 1721 1880">
     <span class='ocr_line' id='line_1_69' title="bbox 1052 1767 1721 1828; baseline -0.004 -14"><span class='ocrx_word' id='word_1_180' title='bbox 1052 1782 1118 1814; x_wconf 83' lang='lat' dir='ltr'>au</span> <span class='ocrx_word' id='word_1_181' title='bbox 1140 1768 1267 1828; x_wconf 74' lang='lat' dir='ltr'>quet</span> <span class='ocrx_word' id='word_1_182' title='bbox 1290 1767 1374 1813; x_wconf 88' lang='lat' dir='ltr'>des</span> <span class='ocrx_word' id='word_1_183' title='bbox 1393 1769 1721 1827; x_wconf 75' lang='lat' dir='ltr'>recompenses</span> 
     </span>
     <span class='ocr_line' id='line_1_70' title="bbox 1053 1832 1593 1880; baseline -0.002 -1"><span class='ocrx_word' id='word_1_184' title='bbox 1053 1832 1593 1880; x_wconf 74' lang='lat' dir='ltr'>dues-aux-Rhodiens.</span> 
     </span>
    </p>
   </div>
   <div class='ocr_carea' id='block_1_10' title="bbox 1055 1893 1977 1959">
    <p class='ocr_par' dir='ltr' id='par_1_60' title="bbox 1055 1893 1977 1959">
     <span class='ocr_line' id='line_1_71' title="bbox 1055 1893 1977 1959; baseline -0.007 -13"><span class='ocrx_word' id='word_1_185' title='bbox 1055 1898 1184 1946; x_wconf 55' lang='lat' dir='ltr'>&amp;est</span> <span class='ocrx_word' id='word_1_186' title='bbox 1206 1897 1443 1959; x_wconf 75' lang='lat' dir='ltr'>pourquoi</span> <span class='ocrx_word' id='word_1_187' title='bbox 1457 1913 1532 1944; x_wconf 85' lang='lat' dir='ltr'>ma</span> <span class='ocrx_word' id='word_1_188' title='bbox 1555 1897 1786 1959; x_wconf 70' lang='lat' dir='ltr'>premiere</span> <span class='ocrx_word' id='word_1_189' title='bbox 1804 1893 1977 1942; x_wconf 79' lang='lat' dir='ltr'>affaire</span> 
     </span>
    </p>
   </div>
   <div class='ocr_carea' id='block_1_11' title="bbox 1056 1965 1704 2219">
    <p class='ocr_par' dir='ltr' id='par_1_61' title="bbox 1056 1965 1343 2022">
     <span class='ocr_line' id='line_1_72' title="bbox 1056 1965 1343 2022; baseline -0.007 -10"><span class='ocrx_word' id='word_1_190' title='bbox 1056 1965 1343 2022; x_wconf 82' lang='lat' dir='ltr'>criminellc,</span> 
     </span>
    </p>

    <p class='ocr_par' dir='ltr' id='par_1_62' title="bbox 1057 2025 1704 2143">
     <span class='ocr_line' id='line_1_73' title="bbox 1057 2025 1704 2092; baseline -0.008 -12"><span class='ocrx_word' id='word_1_191' title='bbox 1057 2025 1240 2092; x_wconf 68' lang='lat' dir='ltr'>plaidee</span> <span class='ocrx_word' id='word_1_192' title='bbox 1268 2044 1388 2091; x_wconf 83' lang='lat' dir='ltr'>pour</span> <span class='ocrx_word' id='word_1_193' title='bbox 1410 2029 1460 2076; x_wconf 91' lang='lat' dir='ltr'>S.</span> <span class='ocrx_word' id='word_1_194' title='bbox 1484 2028 1704 2087; x_wconf 86' lang='lat' dir='ltr'>Roscius,</span> 
     </span>
     <span class='ocr_line' id='line_1_74' title="bbox 1058 2096 1412 2143; baseline -0.003 0"><span class='ocrx_word' id='word_1_195' title='bbox 1058 2104 1139 2143; x_wconf 83' lang='lat' dir='ltr'>eut</span> <span class='ocrx_word' id='word_1_196' title='bbox 1161 2096 1412 2142; x_wconf 84' lang='lat' dir='ltr'>tellement</span> 
     </span>
    </p>

    <p class='ocr_par' dir='ltr' id='par_1_63' title="bbox 1058 2161 1333 2219">
     <span class='ocr_line' id='line_1_75' title="bbox 1058 2161 1333 2219; baseline -0.004 -11"><span class='ocrx_word' id='word_1_197' title='bbox 1058 2161 1116 2208; x_wconf 91' lang='lat' dir='ltr'>de</span> <span class='ocrx_word' id='word_1_198' title='bbox 1149 2163 1333 2219; x_wconf 75' lang='lat' dir='ltr'>succes,</span> 
     </span>
    </p>
   </div>
   <div class='ocr_carea' id='block_1_12' title="bbox 973 2227 1568 2293">
    <p class='ocr_par' dir='ltr' id='par_1_64' title="bbox 973 2227 1568 2293">
     <span class='ocr_line' id='line_1_76' title="bbox 973 2227 1568 2293; baseline 0.003 -22"><span class='ocrx_word' id='word_1_199' title='bbox 973 2257 1010 2293; x_wconf 25' lang='grc' dir='ltr'>ᾗ..</span> <span class='ocrx_word' id='word_1_200' title='bbox 1059 2242 1151 2288; x_wconf 89' lang='lat' dir='ltr'>que</span> <span class='ocrx_word' id='word_1_201' title='bbox 1173 2243 1360 2274; x_wconf 82' lang='lat' dir='ltr'>aucune</span> <span class='ocrx_word' id='word_1_202' title='bbox 1385 2227 1568 2283; x_wconf 74' lang='lat' dir='ltr'>n‘etait,</span> 
     </span>
    </p>
   </div>
   <div class='ocr_carea' id='block_1_13' title="bbox 1059 2292 1590 2420">
    <p class='ocr_par' dir='ltr' id='par_1_65' title="bbox 1059 2292 1590 2420">
     <span class='ocr_line' id='line_1_77' title="bbox 1059 2292 1585 2355; baseline -0.002 -15"><span class='ocrx_word' id='word_1_203' title='bbox 1059 2295 1143 2353; x_wconf 85' lang='lat' dir='ltr'>qui</span> <span class='ocrx_word' id='word_1_204' title='bbox 1174 2308 1234 2338; x_wconf 88' lang='lat' dir='ltr'>ne</span> <span class='ocrx_word' id='word_1_205' title='bbox 1266 2296 1410 2354; x_wconf 71' lang='lat' dir='ltr'>parsst</span> <span class='ocrx_word' id='word_1_206' title='bbox 1438 2292 1585 2355; x_wconf 79' lang='lat' dir='ltr'>digne</span> 
     </span>
     <span class='ocr_line' id='line_1_78' title="bbox 1059 2359 1590 2420; baseline 0 -17"><span class='ocrx_word' id='word_1_207' title='bbox 1059 2359 1117 2406; x_wconf 88' lang='lat' dir='ltr'>de</span> <span class='ocrx_word' id='word_1_208' title='bbox 1148 2366 1287 2405; x_wconf 81' lang='lat' dir='ltr'>notre</span> <span class='ocrx_word' id='word_1_209' title='bbox 1312 2368 1590 2420; x_wconf 82' lang='lat' dir='ltr'>patronage.</span> 
     </span>
    </p>
   </div>
   <div class='ocr_carea' id='block_1_14' title="bbox 1060 2422 1973 2484">
    <p class='ocr_par' dir='ltr' id='par_1_66' title="bbox 1060 2422 1973 2484">
     <span class='ocr_line' id='line_1_79' title="bbox 1060 2422 1973 2484; baseline -0.002 -13"><span class='ocrx_word' id='word_1_210' title='bbox 1060 2424 1264 2471; x_wconf 85' lang='lat' dir='ltr'>Ensuite</span> <span class='ocrx_word' id='word_1_211' title='bbox 1292 2426 1538 2483; x_wconf 80' lang='lat' dir='ltr'>beaucoup</span> <span class='ocrx_word' id='word_1_212' title='bbox 1564 2422 1799 2484; x_wconf 79' lang='lat' dir='ltr'>(vinrent)</span> <span class='ocrx_word' id='word_1_213' title='bbox 1820 2422 1973 2482; x_wconf 62' lang='lat' dir='ltr'>‹le-la,</span> 
     </span>
    </p>
   </div>
   <div class='ocr_carea' id='block_1_15' title="bbox 1058 2487 1730 2677">
    <p class='ocr_par' dir='ltr' id='par_1_67' title="bbox 1058 2487 1730 2677">
     <span class='ocr_line' id='line_1_80' title="bbox 1059 2487 1617 2551; baseline -0.005 -15"><span class='ocrx_word' id='word_1_214' title='bbox 1059 2504 1151 2551; x_wconf 90' lang='lat' dir='ltr'>que</span> <span class='ocrx_word' id='word_1_215' title='bbox 1170 2504 1292 2536; x_wconf 92' lang='lat' dir='ltr'>nous</span> <span class='ocrx_word' id='word_1_216' title='bbox 1319 2487 1617 2551; x_wconf 70' lang='lat' dir='ltr'>presentiens</span> 
     </span>
     <span class='ocr_line' id='line_1_81' title="bbox 1059 2556 1329 2602; baseline -0.004 0"><span class='ocrx_word' id='word_1_217' title='bbox 1059 2556 1329 2602; x_wconf 68' lang='lat' dir='ltr'>travaillees</span> 
     </span>
     <span class='ocr_line' id='line_1_82' title="bbox 1058 2619 1730 2677; baseline -0.003 -9"><span class='ocrx_word' id='word_1_218' title='bbox 1058 2636 1173 2669; x_wconf 76' lang='lat' dir='ltr'>avec</span> <span class='ocrx_word' id='word_1_219' title='bbox 1198 2636 1296 2668; x_wconf 85' lang='lat' dir='ltr'>non</span> <span class='ocrx_word' id='word_1_220' title='bbox 1332 2621 1491 2667; x_wconf 85' lang='lat' dir='ltr'>moins</span> <span class='ocrx_word' id='word_1_221' title='bbox 1525 2619 1730 2677; x_wconf 81' lang='lat' dir='ltr'>de-soin,</span> 
     </span>
    </p>
   </div>
   <div class='ocr_carea' id='block_1_16' title="bbox 1057 2686 1828 2734">
    <p class='ocr_par' dir='ltr' id='par_1_68' title="bbox 1057 2686 1828 2734">
     <span class='ocr_line' id='line_1_83' title="bbox 1057 2686 1828 2734; baseline -0.003 0"><span class='ocrx_word' id='word_1_222' title='bbox 1057 2697 1104 2734; x_wconf 91' lang='lat' dir='ltr'>et</span> <span class='ocrx_word' id='word_1_223' title='bbox 1135 2701 1323 2734; x_wconf 90' lang='lat' dir='ltr'>comme</span> <span class='ocrx_word' id='word_1_224' title='bbox 1347 2686 1828 2733; x_wconf 67' lang='lat' dir='ltr'>a-force·de-veilles.</span> 
     </span>
    </p>
   </div>
   <div class='ocr_carea' id='block_1_17' title="bbox 1057 2752 1756 3592">
    <p class='ocr_par' dir='ltr' id='par_1_69' title="bbox 1057 2752 1756 3592">
     <span class='ocr_line' id='line_1_84' title="bbox 1121 2752 1756 2814; baseline -0.003 -13"><span class='ocrx_word' id='word_1_225' title='bbox 1121 2752 1251 2801; x_wconf 87' lang='lat' dir='ltr'>XCI.</span> <span class='ocrx_word' id='word_1_226' title='bbox 1280 2753 1490 2814; x_wconf 89' lang='lat' dir='ltr'>Puisque</span> <span class='ocrx_word' id='word_1_227' title='bbox 1513 2761 1565 2799; x_wconf 89' lang='lat' dir='ltr'>tu</span> <span class='ocrx_word' id='word_1_228' title='bbox 1595 2752 1756 2814; x_wconf 73' lang='lat' dir='ltr'>parnis</span> 
     </span>
     <span class='ocr_line' id='line_1_85' title="bbox 1057 2819 1516 2866; baseline 0 -1"><span class='ocrx_word' id='word_1_229' title='bbox 1057 2819 1246 2866; x_wconf 80' lang='lat' dir='ltr'>vouloir</span> <span class='ocrx_word' id='word_1_230' title='bbox 1267 2823 1516 2865; x_wconf 74' lang='lat' dir='ltr'>connaitre</span> 
     </span>
     <span class='ocr_line' id='line_1_86' title="bbox 1057 2885 1494 2939; baseline -0.002 -8"><span class='ocrx_word' id='word_1_231' title='bbox 1057 2885 1156 2932; x_wconf 90' lang='lat' dir='ltr'>moi</span> <span class='ocrx_word' id='word_1_232' title='bbox 1192 2885 1494 2939; x_wconf 82' lang='lat' dir='ltr'>tout-entier,</span> 
     </span>
     <span class='ocr_line' id='line_1_87' title="bbox 1058 2949 1682 3013; baseline -0.003 -15"><span class='ocrx_word' id='word_1_233' title='bbox 1058 2965 1155 2998; x_wconf 87' lang='lat' dir='ltr'>non</span> <span class='ocrx_word' id='word_1_234' title='bbox 1188 2966 1273 3013; x_wconf 86' lang='lat' dir='ltr'>par</span> <span class='ocrx_word' id='word_1_235' title='bbox 1295 2951 1499 3011; x_wconf 86' lang='lat' dir='ltr'>quelque</span> <span class='ocrx_word' id='word_1_236' title='bbox 1523 2949 1682 3007; x_wconf 81' lang='lat' dir='ltr'>tache,</span> 
     </span>
     <span class='ocr_line' id='line_1_88' title="bbox 1060 3015 1583 3077; baseline -0.002 -15"><span class='ocrx_word' id='word_1_237' title='bbox 1060 3030 1124 3062; x_wconf 86' lang='lat' dir='ltr'>ou</span> <span class='ocrx_word' id='word_1_238' title='bbox 1148 3032 1233 3077; x_wconf 87' lang='lat' dir='ltr'>par</span> <span class='ocrx_word' id='word_1_239' title='bbox 1256 3015 1338 3062; x_wconf 89' lang='lat' dir='ltr'>des</span> <span class='ocrx_word' id='word_1_240' title='bbox 1366 3016 1583 3069; x_wconf 80' lang='lat' dir='ltr'>hochets,</span> 
     </span>
     <span class='ocr_line' id='line_1_89' title="bbox 1059 3082 1679 3143; baseline -0.003 -15"><span class='ocrx_word' id='word_1_241' title='bbox 1059 3084 1186 3128; x_wconf 87' lang='lat' dir='ltr'>mais</span> <span class='ocrx_word' id='word_1_242' title='bbox 1213 3096 1300 3143; x_wconf 83' lang='lat' dir='ltr'>par</span> <span class='ocrx_word' id='word_1_243' title='bbox 1324 3089 1431 3130; x_wconf 82' lang='lat' dir='ltr'>tout</span> <span class='ocrx_word' id='word_1_244' title='bbox 1452 3082 1497 3129; x_wconf 91' lang='lat' dir='ltr'>le</span> <span class='ocrx_word' id='word_1_245' title='bbox 1520 3095 1679 3143; x_wconf 75' lang='lat' dir='ltr'>corpe,</span> 
     </span>
     <span class='ocr_line' id='line_1_90' title="bbox 1061 3146 1665 3208; baseline 0.002 -16"><span class='ocrx_word' id='word_1_246' title='bbox 1061 3149 1365 3194; x_wconf 85' lang='lat' dir='ltr'>maintenant</span> <span class='ocrx_word' id='word_1_247' title='bbox 1386 3146 1665 3208; x_wconf 82' lang='lat' dir='ltr'>j⁷aj0uterai</span> 
     </span>
     <span class='ocr_line' id='line_1_91' title="bbox 1061 3213 1682 3274; baseline 0.005 -17"><span class='ocrx_word' id='word_1_248' title='bbox 1061 3213 1477 3274; x_wconf 67' lang='lat' dir='ltr'>quelques-daleam</span> <span class='ocrx_word' id='word_1_249' title='bbox 1494 3226 1682 3268; x_wconf 82' lang='lat' dir='ltr'>encore,</span> 
     </span>
     <span class='ocr_line' id='line_1_92' title="bbox 1062 3278 1489 3340; baseline 0.005 -17"><span class='ocrx_word' id='word_1_250' title='bbox 1062 3278 1146 3339; x_wconf 86' lang='lat' dir='ltr'>qui</span> <span class='ocrx_word' id='word_1_251' title='bbox 1173 3279 1489 3340; x_wconf 66' lang='lat' dir='ltr'>paraitraient</span> 
     </span>
     <span class='ocr_line' id='line_1_93' title="bbox 1060 3347 1299 3405; baseline 0.004 -16"><span class='ocrx_word' id='word_1_252' title='bbox 1060 3347 1299 3405; x_wconf 62' lang='lat' dir='ltr'>peut-&amp;tre</span> 
     </span>
     <span class='ocr_line' id='line_1_94' title="bbox 1064 3409 1560 3461; baseline 0.006 -6"><span class='ocrx_word' id='word_1_253' title='bbox 1064 3409 1223 3461; x_wconf 83' lang='lat' dir='ltr'>moins</span> <span class='ocrx_word' id='word_1_254' title='bbox 1253 3410 1560 3458; x_wconf 69' lang='lat' dir='ltr'>necessaires.</span> 
     </span>
     <span class='ocr_line' id='line_1_95' title="bbox 1064 3474 1450 3536; baseline -0.003 -14"><span class='ocrx_word' id='word_1_255' title='bbox 1064 3474 1110 3522; x_wconf 80' lang='lat' dir='ltr'>A</span> <span class='ocrx_word' id='word_1_256' title='bbox 1127 3483 1249 3521; x_wconf 87' lang='lat' dir='ltr'>cette</span> <span class='ocrx_word' id='word_1_257' title='bbox 1270 3478 1450 3536; x_wconf 74' lang='lat' dir='ltr'>epoque</span> 
     </span>
     <span class='ocr_line' id='line_1_96' title="bbox 1062 3540 1406 3592; baseline 0.003 -5"><span class='ocrx_word' id='word_1_258' title='bbox 1062 3540 1181 3589; x_wconf 73' lang='lat' dir='ltr'>etait</span> <span class='ocrx_word' id='word_1_259' title='bbox 1205 3556 1263 3592; x_wconf 84' lang='lat' dir='ltr'>en</span> <span class='ocrx_word' id='word_1_260' title='bbox 1283 3556 1406 3589; x_wconf 87' lang='lat' dir='ltr'>nous</span> 
     </span>
    </p>
   </div>
  </div>
 </body>
</html>
