2592 4084
451 355 570 410 378
1238 364 1508 407 saurus.

451 508 624 564 quum
651 505 756 561 ego
779 490 917 545 mihi
945 490 1126 560 illum,
1152 490 1259 545 sibi
1279 507 1369 546 me
1388 490 1487 545 ille
1504 460 1821 562 anteferret,
1848 489 2301 561 conjunctissime

452 599 660 657 versati
692 615 914 667 sumus3
954 599 1386 671 consulatusque
1412 615 1593 671 meuS‚
1630 599 1723 671 qui
1756 598 1914 654 illum
1941 599 2122 671 primo
2165 600 2302 657 levi-

448 720 534 769 ter
569 711 987 783 perstrinxerat,
1009 711 1157 767 idem
1190 726 1293 766 nos
1322 726 1512 766 rerum
1539 726 1789 767 mearum
1818 715 2127 783 gestarum,
2157 729 2298 785 quas

447 821 546 878 ille
575 820 969 892 admirabatur,
1002 821 1165 877 laude
1186 820 1562 892 conjunxerat.
1588 821 1825 877 Maxime
1851 837 1985 880 vero
2004 829 2301 895 perspecta

447 935 536 989 est
561 933 852 1003 utriusque
879 936 1129 988 nostrum
1157 930 1471 987 exercitatio
1499 929 1683 1002 paullo
1715 934 1861 1002 aute,
1892 946 2061 1003 quam
2086 936 2299 1003 perter-

448 1043 620 1098 ritum
646 1042 814 1098 armis
837 1040 943 1096 hoc
966 1039 1227 1108 studium,
1256 1043 1446 1112 Brute,
1472 1046 1720 1096 nostrum
1747 1040 2009 1096 conticuit
2026 1041 2213 1097 subito
2242 1048 2299 1097 et

447 1150 747 1216 obmutuit3
794 1166 963 1221 quum
1010 1149 1134 1219 lege
1181 1149 1445 1219 Pompeia
1480 1149 1652 1206 ternis
1687 1149 1840 1205 horis
1881 1150 1952 1205 ad
1991 1150 2296 1205 dicendum

447 1261 612 1330 datis,
637 1259 707 1315 ad
737 1274 931 1314 causas
954 1259 1265 1315 simillimas
1293 1260 1438 1315 inter
1463 1277 1544 1331 se,
1570 1260 1661 1317 vel
1683 1260 1866 1331 potius
1894 1260 2143 1332 easdem,
2166 1264 2294 1321 novi

447 1371 803 1429 veniebamus
831 1369 1078 1441 quotidie
1100 1369 1332 1441 :quibus
1357 1370 1583 1441 quidem
1605 1370 1787 1426 causis
1810 1376 1872 1427 tu
1890 1372 2078 1444 etiam,
2101 1376 2292 1439 Brute,

444 1485 644 1553 praesto
668 1479 840 1551 fuisti,
875 1479 1299 1551 compluresque
1320 1487 1377 1535 et
1396 1479 1703 1551 nobiscum,
1733 1486 1790 1537 et
1814 1480 1965 1536 solus
1990 1482 2184 1553 egisti;
2209 1489 2289 1554 ut,

444 1588 542 1661 qui
587 1603 697 1643 non
734 1587 868 1645 satis
904 1587 1000 1643 diu
1038 1588 1240 1644 vixerit
1276 1589 1624 1660 HortensiuS,
1651 1594 1838 1646 tamen
1869 1589 2019 1646 hunc
2065 1607 2293 1660 cursum

444 1696 760 1752 confecerit.
796 1696 963 1752 Annis
998 1702 1125 1752 ante
1164 1696 1356 1752 decem
1401 1712 1597 1753 causas
1623 1713 1790 1768 agere
1822 1699 2004 1770 coepit,
2033 1681 2205 1771 quam
2231 1707 2291 1756 tu

442 1822 506 1862 es
528 1812 723 1879 natus;
751 1807 900 1862 idem
927 1812 1121 1878 quarto
1162 1813 1219 1863 et
1258 1808 1606 1879 sexagesimo
1643 1824 1807 1878 anno,
1830 1812 2125 1880 perpaucis
2164 1816 2290 1866 ante

441 2023 647 2089 charges
676 2025 783 2074 l'un
813 2032 861 2073 et
883 2025 1060 2073 l’autre
1089 2024 1175 2073 des
1194 2025 1305 2087 plus
1332 2024 1543 2089 grandes
1576 2040 1763 2074 causes.
1785 2023 2036 2084 Toujonrs
2059 2026 2289 2088 pai-faite-

444 2138 582 2179 ment
607 2131 741 2189 unis,
766 2130 817 2193 je
838 2129 884 2180 le
904 2131 1097 2178 metteis
1127 2131 1381 2179 au-dessus
1409 2131 1467 2180 de
1485 2130 1614 2188 moi;
1635 2132 1675 2180 il
1702 2144 1779 2179 me
1808 2131 2002 2180 mettait
2037 2132 2287 2179 au-dessus

442 2235 503 2284 de
535 2234 634 2293 lui3
670 2241 719 2284 et
757 2234 799 2282 si
836 2250 952 2282 mon
981 2235 1219 2283 elevation
1252 2236 1388 2284 avait
1430 2235 1633 2284 d'abord
1667 2237 1965 2299 legerement
2003 2236 2158 2285 blesse
2200 2252 2288 2285 son

442 2354 831 2404 amour-propre,
866 2340 1073 2390 l’estime
1099 2342 1218 2404 qu'il
1248 2347 1426 2404 concut
1443 2354 1565 2403 pour
1596 2355 1698 2389 mes
1720 2341 1927 2389 services
1947 2341 2116 2389 etablit
2146 2349 2287 2389 entre

442 2461 568 2495 nous
590 2460 688 2494 une
708 2445 882 2494 etroite
901 2446 1097 2496 liaison.
1117 2446 1164 2495 N
1166 2454 1266 2495 otre
1290 2446 1476 2509 grande
1500 2444 1735 2494 habitude
1757 2445 1823 2493 du
1855 2445 2011 2494 forum
2038 2460 2088 2491 se
2109 2445 2281 2491 mani-

442 2548 569 2602 festa
598 2558 789 2601 surtout
813 2554 1018 2615 quelque
1043 2559 1198 2616 temps
1226 2559 1374 2601 avant
1395 2558 1517 2600 cette
1536 2552 1719 2614 epoque
1740 2550 1799 2599 de
1821 2559 2016 2605 terrear,
2045 2551 2111 2596 ou
2130 2549 2286 2599 Pelo-—

442 2670 646 2719 queneto,
669 2656 877 2720 effreyee
893 2671 982 2720 par
1006 2656 1051 2703 le
1067 2655 1202 2702 bruit
1226 2655 1311 2702 des
1329 2670 1508 2716 armes,
1530 2654 1644 2703 s'est
1664 2669 1758 2704 vue
1775 2661 1880 2704 tout
1903 2656 1932 2702 is
1949 2669 2074 2717 coup
2093 2656 2289 2705 reduite

419 2774 507 2824 ¹au
535 2760 733 2807 silence.
764 2759 911 2807 Alors
938 2758 988 2806 la
1019 2760 1087 2806 loi
1124 2758 1182 2806 de
1220 2759 1428 2821 Pompee
1465 2758 1767 2807 n'aecordait
1801 2771 1893 2820 que
1915 2760 2034 2810 trois
2059 2757 2236 2807 heures
2257 2762 2289 2807 is

441 2862 668 2923 revocat,
702 2868 752 2911 et
789 2878 915 2912 nous
951 2862 1192 2924 plaidions
1226 2862 1413 2926 chaque
1435 2863 1572 2925 jour,
1607 2865 1882 2927 paruissent
1907 2866 2132 2932 toujours
2156 2880 2289 2913 nou-

441 2981 601 3016 vesux
634 2966 755 3015 dans
794 2966 879 3015 des
914 2981 1082 3014 causes
1118 2972 1226 3014 tout
1266 2970 1295 3014 ὲ
1330 2968 1420 3015 fait
1455 2968 1762 3026 semblables,
1793 2983 1858 3017 ou
1895 2968 2058 3031 plut&
2084 2968 2286 3017 absolu-

440 3078 577 3124 ment
598 3074 669 3121 les
697 3075 891 3121 memes.
913 3073 1052 3122 Vous
1088 3075 1238 3135 aussi,
1260 3074 1463 3132 Brutus,
1500 3088 1620 3122 vous
1637 3090 1672 3135 y
1698 3073 1867 3122 saisiez
1893 3073 2122 3121 entendre
2143 3081 2286 3124 votre

440 3180 577 3241 mix,
610 3186 659 3228 et
690 3195 811 3229 vous
841 3195 900 3228 en
934 3195 1048 3228 avez
1082 3180 1287 3228 de'fendu
1319 3180 1561 3244 plusieurs
1593 3179 1685 3226 soit
1718 3179 1841 3233 seul,
1874 3177 1971 3225 soit
1999 3191 2114 3226 avec
2139 3192 2285 3226 nous.

439 3284 553 3343 Cer,
567 3283 678 3333 bien
687 3284 1060 3348 qu'Hortensius
1079 3286 1147 3334 ait
1163 3292 1272 3347 trop
1281 3300 1375 3348 peu
1382 3290 1518 3343 νόου,
1539 3284 1653 3332 telle
1676 3288 1748 3332 est
1764 3289 1999 3345 pourtant
2015 3283 2069 3330 la.
2082 3284 2289 3332 can-iere

440 3391 565 3452 qu’il
587 3405 618 3438 a
641 3390 862 3438 fournie:
888 3391 1023 3437 entre
1050 3405 1115 3437 au
1137 3390 1344 3438 ban-esu
1376 3389 1461 3437 dix
1483 3403 1573 3436 ane
1597 3395 1747 3437 avant
1781 3395 1916 3436 votre
1949 3389 2220 3452 naissance,
2248 3390 2286 3440 il

437 3504 489 3550 a,
517 3491 639 3540 dans
664 3507 717 3541 sa
744 3496 1252 3557 soixante-quatrieme
1288 3496 1468 3555 annea,
1493 3507 1585 3557 peu
1609 3493 1668 3544 de
1703 3494 1844 3556 jours
1874 3499 2025 3541 event
2054 3508 2109 3541 sa
2136 3503 2284 3555 mort,
