2592 4084
420 333 502 388 26
1222 338 1487 388 BRUTUS.

432 451 575 523 ejus,
609 467 949 523 expromere,
1000 460 1375 526 quantamque
1415 454 1508 525 iis,
1544 454 1644 527 qui
1675 452 1789 510 siut
1821 471 1947 510 eam
1976 459 2281 530 consecuti,

432 532 763 604 dignitatem
796 533 1012 604 afferat,
1049 552 1226 608 neque
1274 537 1624 609 propositum
1675 536 1834 592 nobis
1871 543 1957 595 est
1994 539 2100 596 hoc
2133 540 2280 608 loco,

433 632 611 688 neque
640 618 1037 673 necessarium.
1074 623 1189 675 Hoc
1223 637 1359 678 vero
1398 621 1516 677 sine
1551 622 1671 678 ulla
1711 619 2049 677 dubitatione
2077 623 2282 678 confir-

433 700 723 770 maverim,
754 700 871 756 sive
911 701 1006 757 illa
1051 709 1167 759 arte
1201 705 1448 776 pariatur
1487 704 1691 777 aliqua,
1739 704 1854 760 sive
1895 705 2281 762 exercitatione

433 782 694 854 quadam,
724 783 841 839 sive
864 790 1079 850 natura,
1106 802 1228 841 rem
1258 803 1427 841 unam
1457 803 1578 843 esse
1608 787 1854 843 omnium
1878 782 2281 847 difficillimam.

433 865 644 932 Quibus
668 867 816 922 enim
846 883 910 922 ex
937 869 1179 940 quinque
1203 869 1372 925 rebus
1391 876 1644 926 constare
1670 871 1892 940 dicitur,
1920 887 2114 927 earum
2140 888 2283 929 una·

432 964 666 1020 quaeque
696 956 779 1007 est
806 965 899 1005 ars
922 951 1043 1022 ipsa
1065 967 1267 1022 magna
1287 969 1391 1023 per
1415 969 1558 1008 sese.
1596 955 1777 1021 Quare
1807 954 2051 1025 quinque
2079 955 2283 1010 artium

431 1047 737 1088 concursus
760 1035 1147 1105 maximarum,
1179 1041 1445 1107 quantam
1473 1036 1609 1107 vim,
1639 1042 2013 1109 quantamque
2051 1037 2287 1093 difficul-

431 1121 604 1172 tatem
633 1116 892 1188 habeant,
919 1117 1214 1173 existimari
1243 1124 1445 1189 potest.

505 1202 618 1256 VII.
651 1201 827 1256 Testis
852 1208 937 1256 est
964 1201 1193 1273 Graecia,
1238 1218 1385 1272 quae,
1423 1218 1595 1275 quum
1631 1201 1960 1274 eloquentiae
1997 1203 2181 1259 studio
2213 1202 2287 1259 sit

432 1283 678 1355 incensa,
706 1284 1027 1357 iamdiuque
1053 1284 1289 1340 excellat
1312 1285 1369 1340 in
1396 1302 1462 1341 ea
1485 1290 1819 1358 praestetque
1848 1286 2065 1356 ceteris),
2094 1293 2286 1343 tamen

433 1383 631 1423 omnes
670 1375 821 1424 artes
858 1367 1190 1424 vetustiores
1217 1368 1408 1439 habet,
1439 1375 1495 1425 et
1525 1367 1699 1424 multo
1729 1375 1854 1425 ante
1884 1385 1993 1424 non
2027 1371 2286 1426 inventas

433 1452 639 1521 solum,
668 1451 768 1507 sed
806 1452 972 1507 etiam
1006 1452 1307 1523 perfectas,
1348 1468 1516 1525 quam
1542 1451 1663 1507 haec
1690 1455 1775 1507 est
1802 1467 1835 1506 a
1859 1451 2067 1507 Graecis
2095 1450 2288 1507 elabo-

432 1540 556 1591 rata
580 1535 798 1590 dicendi
817 1536 901 1592 vis
922 1543 1086 1607 atque
1116 1536 1291 1606 copia.
1320 1538 1383 1590 In
1402 1551 1568 1608 quam
1587 1551 1761 1607 quum
1780 1535 2018 1606 intueor,
2045 1535 2286 1591 maxime

433 1617 574 1672 mihi
603 1625 916 1690 occurrunt,
947 1618 1140 1690 Attice,
1176 1626 1232 1674 et
1254 1619 1415 1690 quasi
1439 1619 1631 1673 lucent
1653 1618 1881 1672 Athenae
1907 1623 2017 1673 tuae
2048 1635 2061 1672 :
2093 1632 2202 1689 qua
2228 1617 2286 1672 in

434 1700 577 1755 urbe
621 1702 861 1773 primum
904 1719 963 1758 se
1002 1710 1191 1758 orator
1228 1702 1447 1773 extulit,
1486 1700 1839 1772 primumque
1883 1701 2048 1756 etiam
2089 1715 2289 1755 monu-

435 1785 639 1840 mentis
666 1789 723 1840 et
750 1785 946 1842 litteris
973 1786 1148 1842 oratio
1180 1791 1263 1841 est
1285 1790 1463 1857 coepta
1485 1783 1756 1841 mandari.
1787 1780 1995 1840 Tamen
2022 1789 2147 1839 ante
2176 1785 2289 1839 Pe-

434 2044 575 2107 point
598 2047 865 2092 necessaire
890 2043 947 2090 de
978 2044 1100 2090 faire
1126 2044 1190 2091 ici
1213 2044 1390 2104 l'eloge
1414 2041 1472 2089 de
1490 2041 1805 2102 l'eloquence,
1832 2038 1882 2084 ni
1905 2037 1965 2085 de
1986 2044 2196 2086 retracer
2213 2037 2288 2084 los

435 2127 619 2191 grands
652 2125 787 2174 effeta
812 2127 987 2188 qn’elle
1011 2126 1226 2190 produit,
1252 2134 1302 2172 et
1327 2125 1490 2175 l'eclat
1512 2123 1687 2185 qu’elle
1713 2122 1895 2185 repand
1928 2137 2013 2169 sur
2043 2136 2170 2169 ceux
2199 2122 2290 2182 qui

435 2209 488 2256 la
509 2209 784 2272 possederit.
814 2210 880 2259 Ce
904 2225 996 2272 que
1029 2210 1080 2272 je
1113 2211 1223 2272 puis
1256 2208 1472 2257 affirmet
1496 2221 1608 2256 sans
1633 2207 1819 2255 craiute
1850 2205 1999 2252 d’etre
2022 2204 2287 2260 coutredit,

437 2293 559 2341 c’est
585 2294 700 2355 qu'a
728 2293 781 2340 la.
810 2293 1102 2350 consideret,
1150 2309 1214 2340 ou
1244 2306 1432 2341 comme
1456 2306 1524 2338 un
1548 2297 1643 2351 art,
1670 2304 1736 2337 ou
1758 2303 1945 2336 comme
1978 2302 2046 2334 un
2078 2287 2200 2356 fruit
2234 2286 2295 2336 de

437 2382 710 2443 Paci-cicc,
739 2397 805 2430 ou
827 2397 1015 2430 comme
1043 2397 1111 2430 un
1141 2380 1234 2429 dou
1273 2380 1333 2427 de
1358 2380 1409 2427 la
1438 2388 1629 2435 nature,
1657 2377 1697 2424 il
1731 2379 1856 2424 n'est
1890 2377 1995 2423 rien
2026 2389 2091 2424 au
2113 2374 2295 2423 monde

439 2465 525 2527 qui
548 2467 644 2512 soit
659 2465 771 2528 plus
803 2464 1017 2513 difficile.
1048 2465 1146 2512 Des
1173 2465 1284 2525 cinq
1310 2460 1491 2525 parties
1512 2459 1633 2508 dont
1666 2460 1758 2507 elic
1782 2466 1855 2507 est
1878 2459 2147 2520 compesce,
2174 2457 2297 2506 cha—

438 2562 566 2597 cune
585 2556 659 2597 est
685 2549 793 2612 deit
822 2563 911 2611 par
937 2549 1212 2596 elle-meme
1234 2561 1303 2593 un
1325 2543 1483 2608 grand
1513 2550 1620 2606 ητις
1652 2558 1727 2599 or,
1762 2557 1825 2589 on
1862 2541 1964 2588 doit
1985 2540 2132 2605 juger
2156 2540 2215 2588 de
2244 2541 2298 2587 la

440 2630 690 2694 grandem·
713 2639 762 2679 et
786 2629 843 2678 de
865 2631 915 2678 la
941 2630 1180 2678 difficulte
1210 2628 1359 2676 d’une
1386 2641 1554 2676 oeuvrc
1577 2627 1642 2673 oix
1664 2630 1822 2674 tontes
1851 2624 1922 2670 les
1949 2623 2062 2685 cinq
2096 2623 2299 2670 doivent

441 2718 703 2766 concourir
725 2719 757 2764 ὲ.
777 2717 830 2765 la
847 2716 959 2765 fois.

510 2800 626 2848 VII.
651 2800 765 2849 J’en
788 2799 835 2848 ai
858 2815 981 2862 pour
1005 2813 1182 2862 preuve
1203 2797 1256 2845 la.
1278 2797 1449 2846 Grcce.
1473 2797 1581 2846 Elle
1602 2802 1675 2843 est
1701 2795 1987 2858 passionnee
2013 2808 2134 2856 pour
2156 2792 2299 2840 l’elo-

442 2896 647 2944 quence,
688 2891 737 2931 et
766 2881 859 2930 0110
893 2883 943 2930 la
974 2881 1152 2929 cultive
1187 2880 1356 2942 depuis
1383 2881 1659 2942 longtemps
1693 2893 1809 2925 avec
1840 2892 1907 2924 un
1946 2876 2110 2924 succes
2144 2876 2297 2937 qu’on

445 2965 639 3027 n’egale
665 2965 806 3027 point
825 2965 1054 3017 ailleurs;
1090 2962 1356 3026 cependant
1381 2963 1451 3010 les
1485 2970 1647 3009 autres
1667 2969 1771 3008 arte
1794 2976 1827 3023 y
1857 2968 1970 3007 sont
1992 2972 2165 3007 encore
2184 2958 2300 3020 plus

445 3047 663 3095 anciens.
696 3047 788 3095 Les
805 3046 955 3096 Grecs
977 3046 1046 3094 les
1070 3055 1157 3093 ont
1178 3047 1415 3102 inventes,
1441 3043 1792 3107 perfectionnes
1813 3045 1987 3097 meme,
2015 3039 2126 3088 bien
2149 3040 2300 3103 long-

445 3115 604 3192 temps
626 3136 775 3178 avant
797 3129 980 3177 d’avoir
1004 3130 1176 3178 tourne
1206 3130 1338 3176 leurs
1361 3126 1527 3175 efforts
1542 3140 1653 3175 vers
1671 3140 1727 3173 ce
1744 3124 1824 3172 bel
1847 3131 1926 3172 art
1947 3123 2008 3170 de
2023 3123 2077 3171 la
2099 3122 2287 3185 parole.

446 3213 628 3275 Quand
644 3213 698 3278 je
725 3220 861 3277 porte
885 3228 987 3263 mes
1008 3213 1206 3274 regards
1229 3228 1312 3260 sur
1337 3226 1391 3260 ce
1413 3226 1553 3274 payS,
1580 3208 1791 3275 Atticus,
1822 3214 1960 3256 votre
1977 3206 2119 3255 chere
2138 3205 2298 3254 Athe-

446 3313 536 3347 nes
554 3312 606 3346 se
625 3299 845 3360 presente
866 3295 1068 3344 d’abord
1086 3307 1135 3344 et
1155 3296 1302 3344 brille
1327 3297 1357 3342 ὲ
1378 3311 1479 3343 mes
1501 3307 1652 3358 yeux.
1676 3291 1806 3341 C’est
1831 3291 1881 3338 la
1908 3305 2001 3353 que
2033 3290 2147 3336 s’est
2166 3290 2301 3338 elei-6

447 3381 499 3430 10
519 3380 728 3444 premier
756 3387 979 3436 orateur3
1018 3385 1133 3428 c'est
1163 3381 1213 3426 la
1249 3394 1343 3440 que
1370 3379 1416 3426 10
1443 3378 1649 3439 premier
1683 3375 1919 3431 discours,
1957 3373 2188 3419 conserve
2210 3385 2305 3433 par

444 3464 712 3522 1’6criture,
753 3478 783 3512 a
815 3465 889 3511 ete
922 3465 1151 3512 transmis
1184 3465 1211 3510 a
1246 3463 1295 3511 la
1329 3461 1573 3525 poster-ite.
1613 3460 1778 3533 Agant
1814 3457 2046 3516 Pericles,
2090 3455 2211 3502 dont
2234 3469 2305 3504 on
