2592 4084
1087 327 1355 373 BRUTUS.
2034 318 2143 375 195

295 462 385 498 neo
420 448 644 505 aliorum,
1077 445 1130 491 ni
1153 443 1234 491 des
1258 452 1436 500 autres,

296 528 387 562 nec
422 512 671 576 ipsorum?
772 566 781 577 ,
1078 511 1131 557 ni
1154 510 1549 562 d’eux-memes?

294 578 370 627 De
405 579 467 626 iis
501 587 680 634 autem,
1079 576 1205 624 Mais
1228 583 1381 637 quant
1405 579 1434 623 a
1451 591 1590 633 ceux,

297 659 420 706 quos
445 644 656 692 vidimus
675 643 786 705 ipsi,
1081 657 1174 704 que
1196 658 1322 689 nous
1344 657 1495 691 avons
1517 659 1606 694 vus
1625 649 1978 705 nous-memes,

297 710 716 775 prater-mittimus
743 709 842 758 sere
1081 723 1206 758 nous
1230 715 1471 756 omettons
1495 725 1697 774 presque

297 779 545 825 neminem
579 790 766 834 eorum,
1080 788 1320 839 personne
1343 774 1401 822 de
1424 790 1546 822 ceux

300 859 425 905 quos
461 841 672 889 vidimus
1082 855 1175 901 que
1198 856 1323 888 nous
1341 856 1492 889 avons
1512 857 1600 890 vus

299 907 566 971 aliquando
590 908 819 955 dicentes.
1081 906 1380 969 quelquefois
1404 907 1614 969 parlant.

299 976 432 1024 Volo
467 975 595 1021 enim
631 974 762 1029 sciri,
1080 972 1174 1020 Car
1190 974 1240 1034 je
1264 988 1390 1020 veux
1411 973 1556 1034 qu’on
1581 973 1741 1033 sache,

303 1041 536 1088 maximis
566 1040 781 1101 praemiis
1081 1038 1292 1100 les-plus
1320 1040 1527 1101 grandes
1548 1042 1879 1101 recompenses

302 1107 564 1169 propositis
595 1106 902 1168 eloquentie,
1082 1111 1233 1166 ayant
1259 1107 1336 1153 ete
1360 1109 1613 1167 proposees
1635 1109 1666 1153 a
1690 1106 2008 1171 l’eloquence,

301 1173 356 1221 in
393 1170 644 1234 republica
677 1178 815 1220 tanta
1085 1170 1207 1218 dans
1227 1186 1323 1218 une
1345 1172 1629 1236 republique
1650 1173 1691 1219 si
1717 1174 1901 1236 grande

303 1246 353 1287 et
386 1246 486 1286 tam
526 1243 701 1295 vetere,
1082 1245 1130 1283 et
1151 1238 1191 1283 si
1211 1238 1463 1294 ancienne,

305 1319 471 1354 omnes
503 1304 692 1367 cupisse
726 1302 911 1360 dicere,
1082 1309 1196 1350 tous
1216 1304 1353 1351 avoir
1374 1303 1530 1351 desire
1558 1304 1739 1365 parler,

305 1385 406 1419 non
430 1372 665 1433 plurimos
689 1383 834 1417 ausos
859 1383 977 1425 esse,
1084 1383 1170 1431 pas
1192 1369 1441 1432 beaucoup
1462 1371 1598 1418 avoir
1621 1371 1719 1433 ose,

305 1451 484 1499 paucos
518 1437 751 1498 potuisse.
1084 1448 1179 1496 peu
1199 1437 1337 1482 avoir
1353 1450 1435 1495 pu.

307 1502 414 1567 Ego
448 1507 610 1551 tamen
644 1501 805 1549 dicam
840 1499 908 1548 ita
1084 1500 1186 1548 Moi
1208 1507 1440 1563 pourtant
1452 1502 1504 1563 je
1523 1500 1730 1564 parlerai
1756 1504 1879 1554 ainai

308 1567 367 1616 de
399 1582 716 1630 unoquoque,
1088 1565 1147 1613 de
1170 1566 1378 1624 chacun,

307 1639 365 1682 ut
395 1636 549 1697 possit
580 1631 794 1697 intelligi
1087 1633 1206 1693 qu'il
1229 1635 1391 1693 puisse
1414 1635 1516 1681 etro
1539 1635 1749 1697 compris

306 1714 448 1764 quem
483 1700 753 1748 existimem
1087 1698 1198 1760 quel
1224 1699 1276 1761 je
1305 1713 1451 1761 pense

306 1766 456 1816 fuisse
489 1767 822 1823 clamatorem,
1087 1765 1222 1811 avoir
1246 1766 1320 1811 ete
1344 1780 1412 1811 un
1430 1764 1693 1823 criailleur,

307 1847 452 1894 quem
487 1839 748 1880 oratorem.
1088 1831 1199 1891 quel
1221 1835 1351 1877 aveir
1368 1833 1436 1878 ἐκ·
1461 1838 1672 1878 orateur.

306 1898 427 1948 Fere
460 1897 629 1946 iisdem
667 1893 964 1958 temporibus
1088 1896 1302 1957 Presque
1329 1899 1360 1943 a
1380 1898 1433 1944 la
1456 1899 1609 1944 meme
1633 1899 1816 1960 epoque

305 1963 365 2013 C.
387 1963 548 2017 Cotta,
574 1964 629 2010 P.
659 1962 918 2023 Sulpicius,
1089 1962 1146 2009 C.
1178 1962 1338 2016 Cotta,
1365 1962 1423 2010 P.
1453 1962 1712 2024 Sulpicius,

309 2030 376 2089 Q.
404 2029 603 2086 Varius,
644 2028 736 2076 Cn.
773 2026 1048 2089 Pompeius,
1090 2027 1152 2086 Q.
1177 2028 1378 2088 Varius,
1399 2029 1490 2077 Cn.
1518 2030 1794 2092 Pompeius,

308 2095 367 2144 C.
399 2094 567 2148 Curio,
601 2094 651 2141 L.
676 2090 862 2148 Fufius,
1089 2093 1145 2141 C.
1176 2093 1377 2152 Curion,
1411 2095 1470 2142 L.
1490 2095 1675 2152 Fufius,

309 2161 383 2209 M.
409 2160 617 2215 Drusus,
637 2159 697 2206 P.
725 2158 985 2213 Antistius,
1089 2159 1159 2208 M.
1182 2158 1391 2219 Drusus,
1420 2160 1476 2208 P.
1501 2162 1763 2224 Antistius,

308 2226 515 2289 fuerunt
549 2232 689 2272 aetate
1089 2224 1254 2273 furent
1276 2241 1364 2288 par
1385 2227 1513 2290 l'age

309 2293 478 2356 paullo
513 2292 783 2348 inferiores,
1089 2306 1158 2338 un
1182 2306 1275 2353 peu
1297 2306 1362 2338 au
1382 2291 1575 2341 dessous

309 2373 457 2420 quam
492 2357 675 2415 Julius,
1090 2357 1149 2404 de
1180 2357 1368 2416 Julius,

309 2425 397 2473 sed
433 2423 782 2488 propemodum
813 2420 1052 2483 aequalem
1090 2424 1213 2471 mais
1236 2437 1438 2486 presque
1455 2427 1867 2489 contempni-sinn

311 2506 399 2537 nez:
438 2491 540 2537 ulla
574 2496 715 2536 astate
1090 2498 1139 2536 et
1165 2492 1194 2535 a
1213 2504 1402 2537 aucune
1421 2490 1604 2553 epoque

311 2556 458 2613 foetus
473 2564 718 2604 oratorum
729 2553 823 2601 fnit
834 2552 1050 2600 uberior.
1090 2555 1372 2603 abondance
1398 2555 1665 2605 d'orateurs
1691 2558 1766 2606 fut
1795 2557 2081 2620 plus-riche.

313 2622 388 2672 Ex
409 2622 489 2671 his
514 2622 655 2672 Cotta
674 2628 723 2669 et
743 2619 988 2681 Sulpicius
1089 2621 1255 2671 Parmi
1278 2635 1375 2670 eux
1397 2621 1540 2671 Cotta
1561 2631 1609 2671 et
1631 2624 1873 2688 Sulpicius

312 2690 533 2736 tulerunt
568 2688 710 2736 facile
742 2690 943 2749 primas,
1091 2690 1416 2750 emper-terent
1443 2689 1676 2738 aisement
1702 2691 1753 2738 la
1768 2691 1942 2754 palme,

316 2769 466 2816 quum
501 2768 609 2801 meo
642 2752 847 2816 judicio,
1089 2760 1199 2801 tant
1222 2755 1253 2800 a
1272 2769 1387 2802 mon
1413 2755 1534 2812 avis,

313 2827 421 2867 tum
455 2821 695 2868 omnium.
1093 2835 1186 2883 que
1210 2824 1240 2866 ὰ
1257 2821 1388 2867 l'avis
1409 2819 1468 2867 de
1491 2827 1619 2869 tous.

380 2913 446 2922 —
482 2887 576 2934 Hic
610 2886 821 2941 Atticus,
925 2884 933 2892 '
1158 2912 1221 2922 —
1242 2887 1390 2934 Alors
1412 2887 1624 2946 Atticus,

314 2951 567 3012 Quomodo
584 2950 859 3010 dicisistuc,
877 2950 1054 3012 inquit,
1092 2950 1347 3000 Comment
1367 2952 1529 3001 dis-tu
1553 2955 1674 3012 cela,
1702 2953 1857 3016 dit-il,

313 3033 465 3079 quum
503 3024 584 3065 tuo
614 3016 823 3080 judicio,
1092 3022 1200 3065 tant
1220 3020 1252 3064 ὲ.
1273 3030 1360 3065 ton
1380 3019 1501 3073 avis,

314 3094 421 3131 tum
456 3083 715 3133 omnium?
1094 3096 1185 3143 que
1205 3088 1236 3130 ὰ
1254 3085 1380 3131 l'avis
1399 3083 1455 3131 de
1476 3081 1620 3133 tous?

314 3149 658 3198 ‹Iudicium-ne
683 3148 821 3212 vulgi
1092 3148 1256 3197 Est-ce
1279 3165 1372 3211 que
1389 3151 1434 3197 le
1452 3150 1709 3214 jugement
1733 3150 1799 3197 du
1825 3151 2047 3214 vulgaire

314 3218 542 3280 congruit.
578 3229 762 3277 semper
1092 3216 1336 3263 s’accorde
1357 3216 1576 3277 toujours

314 3295 428 3329 eum
454 3282 642 3345 judicio
677 3279 1056 3343 intelligentium
1093 3295 1209 3329 avec
1227 3282 1272 3329 le
1287 3282 1545 3344 jugement
1569 3280 1653 3329 des
1676 3283 2015 3332 oonnaisseurs

315 3348 370 3395 in
393 3357 582 3396 oratore
603 3346 872 3411 probando,
1094 3362 1216 3409 pour
1239 3363 1308 3394 un
1339 3356 1532 3395 orateur
1560 3349 1904 3411 a-approuver,

315 3422 405 3461 aut
428 3409 780 3476 improbando?
1096 3427 1161 3459 ou
1194 3410 1642 3476 a-desapprouver?

319 3493 386 3525 an
411 3480 497 3527 alii
526 3481 793 3543 probantur
1097 3479 1303 3526 ou-bien
1325 3480 1395 3526 les
1421 3495 1516 3527 uns
1538 3478 1728 3527 sont0ils
1750 3480 2018 3542 approuves
