2592 4084
454 324 538 381 3⁰
1252 333 1521 381 saurus.

461 449 697 505 maxime
743 451 923 519 potest
959 462 972 501 τ
1020 451 1258 518 grandes
1306 454 1466 504 erant
1512 447 1716 521 verbis,
1768 449 1948 508 crebri
1991 456 2311 522 sententiiS,

462 530 872 602 compressione
897 546 1084 586 rerum
1109 531 1329 601 breveS,
1359 538 1417 586 et
1437 530 1508 588 ob
1531 548 1655 589 eam
1677 533 1856 608 ipsam
1884 551 2107 592 causam
2132 536 2312 593 inter-

462 614 591 669 dum
621 612 971 668 subobscuri.
1663 686 1668 691 Ι

528 698 670 752 vm.
703 695 812 751 Sed
842 701 908 751 ut
940 696 1280 753 intellectum
1310 704 1414 769 est,
1452 703 1707 771 quantam
1728 699 1843 755 vim
1880 699 2112 757 haberet
2135 717 2310 758 accu-

461 784 602 847 rata,
635 787 691 835 et
713 780 861 836 facta
887 781 1127 852 quodam
1155 781 1321 837 modo
1348 782 1551 851 orati03
1581 786 1699 835 tum
1731 782 1894 838 etiam
1930 786 2182 858 magistri
2217 785 2307 841 di-

459 863 619 919 cendi
640 862 798 918 multi
817 863 996 919 subito
1019 864 1370 935 exstiterunt3
1392 869 1512 919 tum
1539 865 1833 920 Leontinus
1860 866 2112 941 Gorgias,
2136 867 2311 923 Thra·

458 947 759 1018 symachus
812 947 1238 1014 Chalcedonius,
1291 951 1624 1018 Protagoras
1672 948 1975 1021 AbderiteS,
2035 950 2308 1008 Prodicus

458 1033 622 1099 Ceus,
660 1031 888 1103 Hippias
930 1033 1094 1087 Eleus
1132 1031 1188 1085 in
1230 1031 1437 1086 honore
1479 1046 1681 1102 magno
1717 1032 1854 1102 fuit;
1895 1031 2098 1105 aliique
2139 1034 2307 1091 multi

455 1114 801 1186 temporibus
849 1115 1060 1170 eisdem
1104 1113 1305 1169 docere
1351 1129 1411 1170 se
1452 1112 1867 1186 profitebantur,
1916 1118 2307 1188 arrogantibus

455 1215 586 1253 sane
623 1198 828 1270 verbiS,
860 1198 1323 1270 quemadmodum
1350 1213 1518 1257 causa
1546 1196 1773 1254 inferior
1809 1198 1909 1267 (ita
1935 1200 2083 1255 enim
2108 1200 2306 1272 loque-

454 1284 677 1353 bantur)
710 1282 942 1338 dicendo
976 1281 1099 1336 fieri
1134 1281 1382 1353 superior
1415 1291 1621 1355 posset.
1653 1283 1728 1338 Iis
1765 1283 2020 1354 opposuit
2044 1300 2168 1340 sese
2197 1287 2306 1339 So-

456 1374 657 1438 crateS,
697 1366 793 1438 qui
831 1366 1129 1422 subtilitate
1167 1365 1405 1438 quadam
1455 1366 1769 1438 disputandi
1804 1366 2061 1422 refellere
2108 1384 2299 1424 eorum

456 1450 708 1505 instituta
730 1449 944 1505 solebat
968 1449 1172 1505 verbis.
1203 1449 1383 1520 Hujus
1408 1465 1477 1504 ex
1506 1450 1802 1506 uberrimis
1834 1451 2181 1506 sermonibus
2202 1467 2300 1507 ex-

453 1535 714 1590 stiterunt
738 1533 1039 1589 doctissimi
1066 1535 1198 1605 viri3
1240 1533 1587 1606 primumque
1624 1541 1742 1590 tum
1781 1534 2148 1607 philosophia,
2190 1552 2305 1592 non

453 1617 549 1673 illa
579 1619 646 1673 de
672 1625 888 1682 natura,
921 1635 1040 1690 quae
1063 1619 1246 1674 fuerat
1271 1618 1570 1690 antiquior,
1596 1619 1696 1674 sed
1723 1618 1864 1686 haec,
1891 1619 1948 1673 in
1976 1635 2086 1692 qua
2110 1618 2178 1675 de
2206 1620 2307 1676 bo·

453 1700 540 1756 nis
576 1701 743 1757 rebus
774 1710 830 1757 et
864 1702 1045 1773 malis,
1082 1702 1261 1773 deque
1289 1701 1578 1758 hominum
1608 1700 1725 1758 vita
1750 1708 1807 1757 et
1832 1703 2076 1758 moribus
2104 1703 2301 1775 dispu-

452 1791 622 1857 tatur,
662 1785 884 1844 inventa
918 1786 1155 1842 dicitur:
1194 1785 1343 1858 quod
1383 1784 1645 1858 quoniam
1680 1801 1858 1857 genus
1887 1785 1955 1841 ab
1991 1787 2115 1857 hoc,
2150 1787 2302 1858 quod
2369 1816 2372 1819 ·

449 1999 597 2047 alors.
636 1998 763 2047 Leur
788 1999 914 2060 style
941 1998 1060 2045 etait
1081 1997 1243 2056 noble,
1270 1997 1589 2056 sententieux,
1619 1997 1751 2061 plein
1783 1996 1905 2046 dans
1946 2013 2001 2046 sa
2033 1999 2293 2063 precision,

448 2097 496 2137 et
513 2106 602 2153 par
619 2105 673 2137 sa
697 2091 933 2153 precision
963 2093 1120 2136 meme
1142 2104 1209 2136 un
1231 2103 1324 2151 peu
1344 2091 1537 2139 obscur.

514 2183 652 2231 VIII.
680 2182 777 2230 Des
795 2197 887 2244 que
915 2183 1016 2229 l'on
1043 2190 1126 2229 eut
1147 2181 1359 2243 compris
1387 2188 1494 2230 tout
1514 2181 1664 2230 l'effet
1690 2181 1807 2230 d’un
1830 2182 2048 2230 discours
2071 2187 2298 2247 composti

447 2288 562 2320 avec
585 2274 706 2327 soin,
748 2279 797 2321 et
829 2272 914 2334 qui
941 2273 1018 2319 fut
1042 2289 1100 2319 en
1138 2272 1347 2335 quelque
1386 2278 1514 2321 sorte
1542 2287 1611 2321 un
1643 2287 1859 2335 ouvrage
1893 2273 2124 2336 regulier,
2163 2274 2296 2321 alors

448 2366 728 2412 s’eleverent
753 2370 861 2412 tout
890 2366 919 2411 a
944 2379 1066 2426 coup
1103 2379 1197 2411 une
1222 2361 1355 2412 foule
1380 2363 1438 2413 de
1465 2364 1762 2427 professeurs
1797 2364 1917 2413 dans
1950 2364 2064 2412 l’ert
2094 2365 2153 2412 de
2176 2380 2297 2426 par-

446 2459 534 2505 ler.
570 2457 779 2519 Gorgias
814 2457 861 2503 le
889 2456 1111 2514 Leontin,
1141 2457 1511 2520 Thrasymaque
1544 2455 1604 2505 de
1631 2456 1968 2514 Chalcedoine,
2000 2457 2296 2519 Protagoras

447 2548 703 2610 d’Aboeoe,
737 2548 972 2597 Prodicus
1002 2549 1060 2596 de
1090 2549 1229 2607 Ceos,
1259 2549 1463 2611 Hippias
1497 2532 1673 2606 Milia,
1703 2551 1957 2614 acquirent
1985 2566 2081 2599 une
2106 2551 2296 2615 grande

445 2643 738 2703 reputation.
758 2641 1018 2705 Boaucoup
1041 2642 1272 2700 d'autres,
1297 2643 1330 2688 ὲ.
1346 2642 1394 2689 18
1415 2644 1569 2689 meme
1584 2642 1785 2704 epoque,
1809 2657 1859 2690 se
1881 2644 2146 2701 vantaient,
2175 2652 2296 2691 avec

446 2748 543 2781 une
563 2735 952 2796 presomptueuse
974 2746 1264 2794 arrogance,
1292 2731 1595 2796 d'enseigner
1616 2737 1856 2780 comment
1877 2733 1927 2780 18
1948 2747 2089 2781 cause
2109 2733 2158 2780 la
2179 2733 2293 2796 plns

447 2824 593 2872 faible
610 2826 745 2886 (c'est
765 2823 889 2873 ainsi
917 2823 1061 2885 qu’ils
1092 2823 1475 2886 s’exprimaient)
1501 2826 1717 2887 pouvait,
1741 2826 1771 2872 a
1793 2823 1938 2872 l’aide
1958 2825 2085 2872 dela
2103 2824 2289 2887 parole,

447 2916 644 2964 devenir
666 2916 715 2962 la
735 2915 843 2977 plus
857 2915 996 2962 forte.
1023 2913 1218 2962 Socrate
1241 2929 1292 2961 se
1328 2930 1572 2978 prononca
1590 2923 1757 2963 contre
1772 2930 1887 2977 oux,
1912 2924 1961 2964 et
1981 2917 2142 2964 refuta
2159 2917 2291 2965 leurs

444 3011 682 3073 systemes
701 3022 817 3056 avec
835 3023 931 3055 une
947 3007 1234 3069 dialectique
1253 3005 1351 3055 fine
1367 3015 1416 3055 et
1427 3008 1740 3072 ingeniousee
1768 3021 1843 3056 ses
1852 3008 2010 3057 doctes
2028 3011 2292 3058 enti-otieris

445 3102 710 3149 foi-merent
749 3113 845 3147 une
886 3098 1020 3146 foule
1053 3097 1112 3146 de
1152 3105 1347 3146 savants
1376 3098 1621 3157 hommes3
1658 3106 1708 3146 et
1744 3096 1861 3148 c’est
1896 3099 2027 3147 alors
2076 3114 2169 3161 que
2212 3099 2291 3147 fut

445 3194 643 3243 trouvee
664 3192 714 3240 18
736 3189 1058 3254 philosophie,
1084 3204 1180 3237 non
1208 3189 1328 3238 celle
1351 3190 1434 3252 qui
1469 3191 1696 3251 expliquo
1721 3190 1792 3238 les
1826 3197 1999 3237 secrete
2025 3189 2084 3238 de
2108 3192 2160 3238 18
2191 3206 2290 3239 na-

445 3293 555 3334 ture
574 3284 688 3346 (elle
710 3293 782 3332 est
799 3283 912 3346 plus
933 3282 1206 3344 ancienne),
1229 3282 1355 3330 mais
1375 3283 1496 3332 celle
1522 3283 1606 3345 qui
1626 3284 1768 3329 traito
1791 3280 1856 3328 du
1879 3281 1990 3329 bien
2011 3288 2060 3330 et
2078 3281 2145 3330 du
2164 3285 2283 3342 mal,

444 3386 491 3426 et
515 3378 600 3440 qui
628 3378 789 3427 donne
822 3377 905 3425 des
936 3375 1177 3439 principes
1199 3374 1258 3422 de
1284 3377 1467 3424 morale
1494 3382 1542 3423 et
1565 3374 1625 3422 de
1650 3373 1896 3423 conduito.
1935 3372 2133 3423 Commo
2162 3382 2289 3427 cetto

442 3475 631 3519 science
659 3470 845 3520 n’entre
864 3469 1002 3533 point
1019 3468 1141 3516 dans
1167 3468 1214 3516 le
1235 3468 1351 3529 plan
1380 3483 1470 3530 qne
1486 3482 1609 3516 nous
1629 3480 1753 3515 nous
1770 3480 1974 3513 sommes
1996 3468 2142 3527 trane,
2168 3481 2289 3516 ten-
