<?xml version="1.0" encoding="UTF-8"?>
<!DOCTYPE html PUBLIC "-//W3C//DTD XHTML 1.0 Transitional//EN"
    "http://www.w3.org/TR/xhtml1/DTD/xhtml1-transitional.dtd">
<html xmlns="http://www.w3.org/1999/xhtml" xml:lang="en" lang="en">
 <head>
  <title>
</title>
<meta http-equiv="Content-Type" content="text/html;charset=utf-8" />
  <meta name='ocr-system' content='tesseract 3.04.00' />
  <meta name='ocr-capabilities' content='ocr_page ocr_carea ocr_par ocr_line ocrx_word'/>
</head>
<body>
  <div class='ocr_page' id='page_1' title='image "./brutus03cicegoog/brutus03cicegoog_0267.png"; bbox 0 0 2592 4084; ppageno 0'>
   <div class='ocr_carea' id='block_1_1' title="bbox 280 436 971 1606">
    <p class='ocr_par' dir='ltr' id='par_1_1' title="bbox 280 436 971 1606">
     <span class='ocr_line' id='line_1_1' title="bbox 289 436 716 498; baseline 0.005 -16"><span class='ocrx_word' id='word_1_1' title='bbox 289 449 434 497; x_wconf 79' lang='lat' dir='ltr'>quam</span> <span class='ocrx_word' id='word_1_2' title='bbox 466 442 571 483; x_wconf 84' lang='lat' dir='ltr'>erat</span> <span class='ocrx_word' id='word_1_3' title='bbox 596 436 716 498; x_wconf 82' lang='lat' dir='ltr'>ipse,</span> 
     </span>
     <span class='ocr_line' id='line_1_2' title="bbox 285 502 885 550; baseline -0.002 -1"><span class='ocrx_word' id='word_1_4' title='bbox 285 502 505 550; x_wconf 84' lang='lat' dir='ltr'>exercuit</span> <span class='ocrx_word' id='word_1_5' title='bbox 525 504 706 550; x_wconf 82' lang='lat' dir='ltr'>multos</span> <span class='ocrx_word' id='word_1_6' title='bbox 731 517 885 550; x_wconf 77' lang='lat' dir='ltr'>annos</span> 
     </span>
     <span class='ocr_line' id='line_1_3' title="bbox 284 567 971 629; baseline -0.001 -14"><span class='ocrx_word' id='word_1_7' title='bbox 284 568 340 615; x_wconf 87' lang='lat' dir='ltr'>in</span> <span class='ocrx_word' id='word_1_8' title='bbox 362 568 525 615; x_wconf 78' lang='lat' dir='ltr'>studio</span> <span class='ocrx_word' id='word_1_9' title='bbox 551 569 765 629; x_wconf 84' lang='lat' dir='ltr'>ejusdem</span> <span class='ocrx_word' id='word_1_10' title='bbox 784 567 971 629; x_wconf 81' lang='lat' dir='ltr'>laudis;</span> 
     </span>
     <span class='ocr_line' id='line_1_4' title="bbox 284 633 944 682; baseline -0.002 -1"><span class='ocrx_word' id='word_1_11' title='bbox 284 639 335 681; x_wconf 84' lang='lat' dir='ltr'>et</span> <span class='ocrx_word' id='word_1_12' title='bbox 356 633 440 681; x_wconf 88' lang='lat' dir='ltr'>ille</span> <span class='ocrx_word' id='word_1_13' title='bbox 464 633 590 682; x_wconf 84' lang='lat' dir='ltr'><strong>dixit</strong></span> <span class='ocrx_word' id='word_1_14' title='bbox 615 636 759 682; x_wconf 84' lang='lat' dir='ltr'>simul</span> <span class='ocrx_word' id='word_1_15' title='bbox 783 641 944 682; x_wconf 86' lang='lat' dir='ltr'>tecum</span> 
     </span>
     <span class='ocr_line' id='line_1_5' title="bbox 282 699 808 762; baseline 0.006 -16"><span class='ocrx_word' id='word_1_16' title='bbox 282 714 372 762; x_wconf 80' lang='lat' dir='ltr'>pro</span> <span class='ocrx_word' id='word_1_17' title='bbox 395 699 556 762; x_wconf 85' lang='lat' dir='ltr'>Appio</span> <span class='ocrx_word' id='word_1_18' title='bbox 577 701 808 760; x_wconf 78' lang='lat' dir='ltr'>Claudio,</span> 
     </span>
     <span class='ocr_line' id='line_1_6' title="bbox 281 765 841 827; baseline 0.004 -15"><span class='ocrx_word' id='word_1_19' title='bbox 281 765 453 827; x_wconf 78' lang='lat' dir='ltr'>paullo</span> <span class='ocrx_word' id='word_1_20' title='bbox 476 772 592 813; x_wconf 79' lang='lat' dir='ltr'>ante</span> <span class='ocrx_word' id='word_1_21' title='bbox 617 775 841 823; x_wconf 84' lang='lat' dir='ltr'>mortem,</span> 
     </span>
     <span class='ocr_line' id='line_1_7' title="bbox 284 831 856 894; baseline 0.003 -17"><span class='ocrx_word' id='word_1_22' title='bbox 284 831 416 880; x_wconf 70' lang='lat' dir='ltr'>sicut</span> <span class='ocrx_word' id='word_1_23' title='bbox 439 846 530 894; x_wconf 82' lang='lat' dir='ltr'>ego</span> <span class='ocrx_word' id='word_1_24' title='bbox 559 847 646 894; x_wconf 86' lang='lat' dir='ltr'>pro</span> <span class='ocrx_word' id='word_1_25' title='bbox 670 831 856 881; x_wconf 85' lang='lat' dir='ltr'>multis.</span> 
     </span>
     <span class='ocr_line' id='line_1_8' title="bbox 352 896 889 963; baseline 0.007 -19"><span class='ocrx_word' id='word_1_26' title='bbox 352 896 508 945; x_wconf 88' lang='lat' dir='ltr'>LXV.</span> <span class='ocrx_word' id='word_1_27' title='bbox 552 898 700 947; x_wconf 86' lang='lat' dir='ltr'>Vides</span> <span class='ocrx_word' id='word_1_28' title='bbox 719 899 889 963; x_wconf 80' lang='lat' dir='ltr'>igitur,</span> 
     </span>
     <span class='ocr_line' id='line_1_9' title="bbox 282 963 454 1019; baseline -0.006 -8"><span class='ocrx_word' id='word_1_29' title='bbox 282 963 454 1019; x_wconf 88' lang='lat' dir='ltr'>Brute,</span> 
     </span>
     <span class='ocr_line' id='line_1_10' title="bbox 284 1030 897 1091; baseline 0.002 -15"><span class='ocrx_word' id='word_1_30' title='bbox 284 1035 342 1077; x_wconf 85' lang='lat' dir='ltr'>ut</span> <span class='ocrx_word' id='word_1_31' title='bbox 367 1030 727 1091; x_wconf 79' lang='lat' dir='ltr'>pervenerimus</span> <span class='ocrx_word' id='word_1_32' title='bbox 749 1030 811 1078; x_wconf 82' lang='lat' dir='ltr'>ad</span> <span class='ocrx_word' id='word_1_33' title='bbox 834 1037 897 1089; x_wconf 85' lang='lat' dir='ltr'>te,</span> 
     </span>
     <span class='ocr_line' id='line_1_11' title="bbox 280 1095 875 1145; baseline 0.003 -4"><span class='ocrx_word' id='word_1_34' title='bbox 280 1104 387 1141; x_wconf 79' lang='lat' dir='ltr'>tam</span> <span class='ocrx_word' id='word_1_35' title='bbox 416 1095 586 1143; x_wconf 83' lang='lat' dir='ltr'>multis</span> <span class='ocrx_word' id='word_1_36' title='bbox 606 1097 875 1145; x_wconf 76' lang='lat' dir='ltr'>oratoribus</span> 
     </span>
     <span class='ocr_line' id='line_1_12' title="bbox 280 1160 582 1223; baseline 0.003 -15"><span class='ocrx_word' id='word_1_37' title='bbox 280 1160 582 1223; x_wconf 78' lang='lat' dir='ltr'>interpositis</span> 
     </span>
     <span class='ocr_line' id='line_1_13' title="bbox 280 1226 828 1277; baseline 0.009 -4"><span class='ocrx_word' id='word_1_38' title='bbox 280 1226 412 1274; x_wconf 88' lang='lat' dir='ltr'>inter</span> <span class='ocrx_word' id='word_1_39' title='bbox 439 1242 600 1275; x_wconf 89' lang='lat' dir='ltr'>meum</span> <span class='ocrx_word' id='word_1_40' title='bbox 631 1227 828 1277; x_wconf 87' lang='lat' dir='ltr'>initium</span> 
     </span>
     <span class='ocr_line' id='line_1_14' title="bbox 282 1291 553 1354; baseline 0.004 -15"><span class='ocrx_word' id='word_1_41' title='bbox 282 1291 553 1354; x_wconf 82' lang='lat' dir='ltr'>tuumque?</span> 
     </span>
     <span class='ocr_line' id='line_1_15' title="bbox 280 1357 575 1421; baseline 0 -14"><span class='ocrx_word' id='word_1_42' title='bbox 280 1357 362 1407; x_wconf 81' lang='lat' dir='ltr'>Ex</span> <span class='ocrx_word' id='word_1_43' title='bbox 380 1358 575 1421; x_wconf 86' lang='lat' dir='ltr'>quibus,</span> 
     </span>
     <span class='ocr_line' id='line_1_16' title="bbox 282 1424 958 1487; baseline 0.004 -16"><span class='ocrx_word' id='word_1_44' title='bbox 282 1424 514 1487; x_wconf 77' lang='lat' dir='ltr'>quoniam</span> <span class='ocrx_word' id='word_1_45' title='bbox 536 1425 685 1474; x_wconf 86' lang='lat' dir='ltr'>statui</span> <span class='ocrx_word' id='word_1_46' title='bbox 704 1424 958 1475; x_wconf 76' lang='lat' dir='ltr'>nominare</span> 
     </span>
     <span class='ocr_line' id='line_1_17' title="bbox 281 1490 892 1541; baseline 0.005 -3"><span class='ocrx_word' id='word_1_47' title='bbox 281 1490 335 1538; x_wconf 87' lang='lat' dir='ltr'>in</span> <span class='ocrx_word' id='word_1_48' title='bbox 365 1490 455 1540; x_wconf 87' lang='lat' dir='ltr'>boc</span> <span class='ocrx_word' id='word_1_49' title='bbox 478 1498 645 1539; x_wconf 88' lang='lat' dir='ltr'>nostro</span> <span class='ocrx_word' id='word_1_50' title='bbox 669 1506 892 1541; x_wconf 79' lang='lat' dir='ltr'>sermone</span> 
     </span>
     <span class='ocr_line' id='line_1_18' title="bbox 280 1557 710 1606; baseline 0 -1"><span class='ocrx_word' id='word_1_51' title='bbox 280 1557 524 1605; x_wconf 87' lang='lat' dir='ltr'>neminem</span> <span class='ocrx_word' id='word_1_52' title='bbox 544 1572 710 1606; x_wconf 89' lang='lat' dir='ltr'>eorum</span> 
     </span>
    </p>
   </div>
   <div class='ocr_carea' id='block_1_2' title="bbox 188 1623 623 1685">
    <p class='ocr_par' dir='ltr' id='par_1_2' title="bbox 188 1623 623 1685">
     <span class='ocr_line' id='line_1_19' title="bbox 188 1623 623 1685; baseline 0 -15"><span class='ocrx_word' id='word_1_53' title='bbox 188 1632 197 1639; x_wconf 65' lang='grc'><strong>“</strong></span> <span class='ocrx_word' id='word_1_54' title='bbox 281 1624 368 1685; x_wconf 88' lang='lat' dir='ltr'>qui</span> <span class='ocrx_word' id='word_1_55' title='bbox 391 1623 623 1682; x_wconf 77' lang='lat' dir='ltr'>viverent,</span> 
     </span>
    </p>
   </div>
   <div class='ocr_carea' id='block_1_3' title="bbox 279 1689 713 1803">
    <p class='ocr_par' dir='ltr' id='par_1_3' title="bbox 279 1689 713 1803">
     <span class='ocr_line' id='line_1_20' title="bbox 279 1689 713 1738; baseline 0.005 -2"><span class='ocrx_word' id='word_1_56' title='bbox 279 1704 346 1736; x_wconf 87' lang='lat' dir='ltr'>ne</span> <span class='ocrx_word' id='word_1_57' title='bbox 369 1704 453 1737; x_wconf 83' lang='lat' dir='ltr'>vos</span> <span class='ocrx_word' id='word_1_58' title='bbox 476 1689 713 1738; x_wconf 78' lang='lat' dir='ltr'>eliceretis</span> 
     </span>
     <span class='ocr_line' id='line_1_21' title="bbox 280 1768 696 1803; baseline 0.002 -1"><span class='ocrx_word' id='word_1_59' title='bbox 280 1768 345 1802; x_wconf 86' lang='lat' dir='ltr'>ex</span> <span class='ocrx_word' id='word_1_60' title='bbox 367 1768 444 1802; x_wconf 87' lang='lat' dir='ltr'>me</span> <span class='ocrx_word' id='word_1_61' title='bbox 458 1770 696 1803; x_wconf 73' lang='lat' dir='ltr'>curiosius</span> 
     </span>
    </p>
   </div>
   <div class='ocr_carea' id='block_1_4' title="bbox 280 1820 1020 1886">
    <p class='ocr_par' dir='ltr' id='par_1_4' title="bbox 280 1820 1020 1886">
     <span class='ocr_line' id='line_1_22' title="bbox 280 1820 1020 1886; baseline 0.007 -18"><span class='ocrx_word' id='word_1_62' title='bbox 280 1820 400 1883; x_wconf 85' lang='lat' dir='ltr'>quid</span> <span class='ocrx_word' id='word_1_63' title='bbox 428 1821 699 1884; x_wconf 77' lang='lat' dir='ltr'>judicarem</span> <span class='ocrx_word' id='word_1_64' title='bbox 729 1822 788 1872; x_wconf 87' lang='lat' dir='ltr'>de</span> <span class='ocrx_word' id='word_1_65' title='bbox 812 1837 1020 1886; x_wconf 83' lang='lat' dir='ltr'>quoque,</span> 
     </span>
    </p>
   </div>
   <div class='ocr_carea' id='block_1_5' title="bbox 276 1886 853 2078">
    <p class='ocr_par' dir='ltr' id='par_1_5' title="bbox 276 1886 834 2067">
     <span class='ocr_line' id='line_1_23' title="bbox 277 1886 666 1945; baseline 0.003 -12"><span class='ocrx_word' id='word_1_66' title='bbox 277 1886 545 1935; x_wconf 76' lang='lat' dir='ltr'>nominabo</span> <span class='ocrx_word' id='word_1_67' title='bbox 568 1901 666 1945; x_wconf 85' lang='lat' dir='ltr'>eos,</span> 
     </span>
     <span class='ocr_line' id='line_1_24' title="bbox 278 1951 853 2014; baseline 0.009 -16"><span class='ocrx_word' id='word_1_68' title='bbox 278 1953 368 2014; x_wconf 89' lang='lat' dir='ltr'>qui</span> <span class='ocrx_word' id='word_1_69' title='bbox 398 1959 514 2000; x_wconf 84' lang='lat' dir='ltr'>sunt</span> <span class='ocrx_word' id='word_1_70' title='bbox 529 1951 634 2014; x_wconf 81' lang='lat' dir='ltr'>jam</span> <span class='ocrx_word' id='word_1_71' title='bbox 656 1954 853 2003; x_wconf 87' lang='lat' dir='ltr'>mortui.</span> 
     </span>
     <span class='ocr_line' id='line_1_25' title="bbox 276 2017 733 2078; baseline 0.005 -13"><span class='ocrx_word' id='word_1_72' title='bbox 276 2045 351 2058; x_wconf 91' lang='lat'>—</span> <span class='ocrx_word' id='word_1_73' title='bbox 376 2017 503 2066; x_wconf 86' lang='lat' dir='ltr'>Tum</span> <span class='ocrx_word' id='word_1_74' title='bbox 532 2018 733 2078; x_wconf 85' lang='lat' dir='ltr'>Brutus,</span> 
     </span>
    </p>
   </div>
   <div class='ocr_carea' id='block_1_6' title="bbox 276 2082 1020 2151">
    <p class='ocr_par' dir='ltr' id='par_1_6' title="bbox 276 2082 1020 2151">
     <span class='ocr_line' id='line_1_26' title="bbox 276 2082 1020 2151; baseline 0.007 -19"><span class='ocrx_word' id='word_1_75' title='bbox 276 2082 396 2132; x_wconf 86' lang='lat' dir='ltr'>Non</span> <span class='ocrx_word' id='word_1_76' title='bbox 424 2089 497 2130; x_wconf 81' lang='lat' dir='ltr'>est</span> <span class='ocrx_word' id='word_1_77' title='bbox 523 2083 618 2132; x_wconf 77' lang='lat' dir='ltr'>ista</span> <span class='ocrx_word' id='word_1_78' title='bbox 653 2101 817 2146; x_wconf 79' lang='lat' dir='ltr'>causa,</span> <span class='ocrx_word' id='word_1_79' title='bbox 842 2086 1020 2151; x_wconf 84' lang='lat' dir='ltr'>inquit,</span> 
     </span>
    </p>
   </div>
   <div class='ocr_carea' id='block_1_7' title="bbox 276 2148 923 2541">
    <p class='ocr_par' dir='ltr' id='par_1_7' title="bbox 279 2148 590 2210">
     <span class='ocr_line' id='line_1_27' title="bbox 279 2148 590 2210; baseline 0.007 -16"><span class='ocrx_word' id='word_1_80' title='bbox 279 2162 433 2210; x_wconf 76' lang='lat' dir='ltr'>quum</span> <span class='ocrx_word' id='word_1_81' title='bbox 453 2148 590 2205; x_wconf 88' lang='lat' dir='ltr'>dicis</span> 
     </span>
    </p>

    <p class='ocr_par' dir='ltr' id='par_1_8' title="bbox 277 2214 750 2328">
     <span class='ocr_line' id='line_1_28' title="bbox 277 2214 750 2276; baseline 0.011 -15"><span class='ocrx_word' id='word_1_82' title='bbox 277 2214 597 2276; x_wconf 78' lang='lat' dir='ltr'>quemobrem</span> <span class='ocrx_word' id='word_1_83' title='bbox 634 2217 750 2265; x_wconf 84' lang='lat' dir='ltr'>velis</span> 
     </span>
     <span class='ocr_line' id='line_1_29' title="bbox 278 2279 590 2328; baseline -0.003 0"><span class='ocrx_word' id='word_1_84' title='bbox 278 2279 443 2328; x_wconf 80' lang='lat' dir='ltr'>dicere</span> <span class='ocrx_word' id='word_1_85' title='bbox 462 2280 590 2328; x_wconf 87' lang='lat' dir='ltr'>nibil</span> 
     </span>
    </p>

    <p class='ocr_par' dir='ltr' id='par_1_9' title="bbox 280 2344 746 2408">
     <span class='ocr_line' id='line_1_30' title="bbox 280 2344 746 2408; baseline 0.007 -15"><span class='ocrx_word' id='word_1_86' title='bbox 280 2344 383 2394; x_wconf 84' lang='lat' dir='ltr'>‹ie&#39;</span> <span class='ocrx_word' id='word_1_87' title='bbox 365 2346 431 2395; x_wconf 78' lang='lat' dir='ltr'>iis</span> <span class='ocrx_word' id='word_1_88' title='bbox 450 2347 535 2408; x_wconf 86' lang='lat' dir='ltr'>qui</span> <span class='ocrx_word' id='word_1_89' title='bbox 559 2346 746 2396; x_wconf 83' lang='lat' dir='ltr'>vivunt.</span> 
     </span>
    </p>

    <p class='ocr_par' dir='ltr' id='par_1_10' title="bbox 276 2411 923 2541">
     <span class='ocr_line' id='line_1_31' title="bbox 279 2411 923 2479; baseline 0.008 -20"><span class='ocrx_word' id='word_1_90' title='bbox 279 2436 345 2450; x_wconf 88' lang='lat'>-</span> <span class='ocrx_word' id='word_1_91' title='bbox 372 2411 611 2473; x_wconf 60' lang='lat' dir='ltr'>Quanam</span> <span class='ocrx_word' id='word_1_92' title='bbox 633 2419 704 2461; x_wconf 89' lang='lat' dir='ltr'>est</span> <span class='ocrx_word' id='word_1_93' title='bbox 732 2413 923 2479; x_wconf 77' lang='lat' dir='ltr'>igitur?</span> 
     </span>
     <span class='ocr_line' id='line_1_32' title="bbox 276 2478 495 2541; baseline 0.005 -15"><span class='ocrx_word' id='word_1_94' title='bbox 276 2478 495 2541; x_wconf 71' lang='lat' dir='ltr'>inquam.</span> 
     </span>
    </p>
   </div>
   <div class='ocr_carea' id='block_1_8' title="bbox 277 2545 1017 2612">
    <p class='ocr_par' dir='ltr' id='par_1_11' title="bbox 277 2545 1017 2612">
     <span class='ocr_line' id='line_1_33' title="bbox 277 2545 1017 2612; baseline 0.008 -21"><span class='ocrx_word' id='word_1_95' title='bbox 277 2545 573 2594; x_wconf 81' lang='lat' dir='ltr'>—Arbitror</span> <span class='ocrx_word' id='word_1_96' title='bbox 591 2550 638 2593; x_wconf 82' lang='lat' dir='ltr'>te</span> <span class='ocrx_word' id='word_1_97' title='bbox 654 2549 823 2609; x_wconf 80' lang='lat' dir='ltr'>vereri,</span> <span class='ocrx_word' id='word_1_98' title='bbox 838 2547 1017 2612; x_wconf 88' lang='lat' dir='ltr'>inquit,</span> 
     </span>
    </p>
   </div>
   <div class='ocr_carea' id='block_1_9' title="bbox 277 2610 918 3532">
    <p class='ocr_par' dir='ltr' id='par_1_12' title="bbox 277 2610 757 2739">
     <span class='ocr_line' id='line_1_34' title="bbox 277 2610 757 2660; baseline 0.008 -4"><span class='ocrx_word' id='word_1_99' title='bbox 277 2624 343 2657; x_wconf 90' lang='lat' dir='ltr'>ne</span> <span class='ocrx_word' id='word_1_100' title='bbox 364 2610 446 2659; x_wconf 88' lang='lat' dir='ltr'>bic</span> <span class='ocrx_word' id='word_1_101' title='bbox 465 2626 620 2660; x_wconf 83' lang='lat' dir='ltr'>sermo</span> <span class='ocrx_word' id='word_1_102' title='bbox 644 2620 757 2660; x_wconf 87' lang='lat' dir='ltr'>tuus</span> 
     </span>
     <span class='ocr_line' id='line_1_35' title="bbox 278 2683 704 2739; baseline 0.002 -15"><span class='ocrx_word' id='word_1_103' title='bbox 278 2683 471 2725; x_wconf 77' lang='lat' dir='ltr'>emanet</span> <span class='ocrx_word' id='word_1_104' title='bbox 492 2692 577 2739; x_wconf 89' lang='lat' dir='ltr'>per</span> <span class='ocrx_word' id='word_1_105' title='bbox 598 2693 704 2735; x_wconf 88' lang='lat' dir='ltr'>nos</span> 
     </span>
    </p>

    <p class='ocr_par' dir='ltr' id='par_1_13' title="bbox 279 2742 881 2859">
     <span class='ocr_line' id='line_1_36' title="bbox 279 2742 881 2808; baseline 0.013 -18"><span class='ocrx_word' id='word_1_106' title='bbox 279 2748 328 2791; x_wconf 90' lang='lat' dir='ltr'>et</span> <span class='ocrx_word' id='word_1_107' title='bbox 350 2742 407 2802; x_wconf 85' lang='lat' dir='ltr'>ii,</span> <span class='ocrx_word' id='word_1_108' title='bbox 435 2757 552 2804; x_wconf 83' lang='lat' dir='ltr'>quos</span> <span class='ocrx_word' id='word_1_109' title='bbox 578 2744 881 2808; x_wconf 73' lang='lat' dir='ltr'>praeterieris,</span> 
     </span>
     <span class='ocr_line' id='line_1_37' title="bbox 280 2810 729 2859; baseline 0.007 -4"><span class='ocrx_word' id='word_1_110' title='bbox 280 2815 595 2858; x_wconf 68' lang='lat' dir='ltr'>succenseant</span> <span class='ocrx_word' id='word_1_111' title='bbox 620 2810 729 2859; x_wconf 87' lang='lat' dir='ltr'>tibi.</span> 
     </span>
    </p>

    <p class='ocr_par' dir='ltr' id='par_1_14' title="bbox 278 2873 916 3132">
     <span class='ocr_line' id='line_1_38' title="bbox 280 2873 916 2940; baseline 0.008 -19"><span class='ocrx_word' id='word_1_112' title='bbox 280 2900 346 2910; x_wconf 96' lang='lat'>—</span> <span class='ocrx_word' id='word_1_113' title='bbox 369 2873 533 2935; x_wconf 82' lang='lat' dir='ltr'>Quid?</span> <span class='ocrx_word' id='word_1_114' title='bbox 556 2875 658 2924; x_wconf 87' lang='lat' dir='ltr'>Vos</span> <span class='ocrx_word' id='word_1_115' title='bbox 665 2877 916 2940; x_wconf 74' lang='lat' dir='ltr'>,inquam‚</span> 
     </span>
     <span class='ocr_line' id='line_1_39' title="bbox 279 2914 840 3003; baseline 0.011 -16"><span class='ocrx_word' id='word_1_116' title='bbox 279 2955 380 2988; x_wconf 87' lang='lat' dir='ltr'>nou</span> <span class='ocrx_word' id='word_1_117' title='bbox 406 2942 625 3003; x_wconf 83' lang='lat' dir='ltr'>poteritis</span> <span class='ocrx_word' id='word_1_118' title='bbox 648 2914 840 2992; x_wconf 60' lang='lat' dir='ltr'>t’ecere?</span> 
     </span>
     <span class='ocr_line' id='line_1_40' title="bbox 278 3005 913 3073; baseline 0.008 -19"><span class='ocrx_word' id='word_1_119' title='bbox 278 3031 345 3043; x_wconf 93' lang='lat'>—</span> <span class='ocrx_word' id='word_1_120' title='bbox 370 3005 471 3055; x_wconf 85' lang='lat' dir='ltr'>Nos</span> <span class='ocrx_word' id='word_1_121' title='bbox 492 3008 706 3070; x_wconf 85' lang='lat' dir='ltr'>quidem,</span> <span class='ocrx_word' id='word_1_122' title='bbox 730 3010 913 3073; x_wconf 88' lang='lat' dir='ltr'>inquit,</span> 
     </span>
     <span class='ocr_line' id='line_1_41' title="bbox 278 3071 539 3132; baseline 0.011 -13"><span class='ocrx_word' id='word_1_123' title='bbox 278 3071 539 3132; x_wconf 78' lang='lat' dir='ltr'>facillime3</span> 
     </span>
    </p>

    <p class='ocr_par' dir='ltr' id='par_1_15' title="bbox 277 3138 792 3191">
     <span class='ocr_line' id='line_1_42' title="bbox 277 3138 792 3191; baseline 0.01 -5"><span class='ocrx_word' id='word_1_124' title='bbox 277 3138 367 3187; x_wconf 81' lang='lat' dir='ltr'>sed</span> <span class='ocrx_word' id='word_1_125' title='bbox 390 3147 555 3189; x_wconf 75' lang='lat' dir='ltr'>tumen</span> <span class='ocrx_word' id='word_1_126' title='bbox 579 3141 792 3191; x_wconf 77' lang='lat' dir='ltr'>arbitror</span> 
     </span>
    </p>

    <p class='ocr_par' dir='ltr' id='par_1_16' title="bbox 278 3206 869 3335">
     <span class='ocr_line' id='line_1_43' title="bbox 278 3206 869 3271; baseline 0.007 -18"><span class='ocrx_word' id='word_1_127' title='bbox 278 3210 326 3254; x_wconf 85' lang='lat' dir='ltr'>te</span> <span class='ocrx_word' id='word_1_128' title='bbox 349 3206 495 3255; x_wconf 72' lang='lat' dir='ltr'>melle</span> <span class='ocrx_word' id='word_1_129' title='bbox 513 3213 670 3256; x_wconf 73' lang='lat' dir='ltr'>tacere</span> <span class='ocrx_word' id='word_1_130' title='bbox 692 3208 869 3271; x_wconf 86' lang='lat' dir='ltr'>ipsum,</span> 
     </span>
     <span class='ocr_line' id='line_1_44' title="bbox 280 3272 659 3335; baseline 0.005 -16"><span class='ocrx_word' id='word_1_131' title='bbox 280 3284 428 3333; x_wconf 73' lang='lat' dir='ltr'>quam</span> <span class='ocrx_word' id='word_1_132' title='bbox 448 3272 659 3335; x_wconf 86' lang='lat' dir='ltr'>experiri</span> 
     </span>
    </p>

    <p class='ocr_par' dir='ltr' id='par_1_17' title="bbox 278 3338 918 3469">
     <span class='ocr_line' id='line_1_45' title="bbox 278 3338 918 3389; baseline 0.003 -4"><span class='ocrx_word' id='word_1_133' title='bbox 278 3343 498 3386; x_wconf 69' lang='lat' dir='ltr'>nostrum</span> <span class='ocrx_word' id='word_1_134' title='bbox 519 3338 918 3389; x_wconf 75' lang='lat' dir='ltr'>taciturnitatem.</span> 
     </span>
     <span class='ocr_line' id='line_1_46' title="bbox 282 3402 642 3469; baseline 0.009 -18"><span class='ocrx_word' id='word_1_135' title='bbox 282 3428 351 3440; x_wconf 92' lang='lat'>—</span> <span class='ocrx_word' id='word_1_136' title='bbox 382 3402 509 3452; x_wconf 85' lang='lat' dir='ltr'>Tum</span> <span class='ocrx_word' id='word_1_137' title='bbox 531 3418 642 3469; x_wconf 81' lang='lat' dir='ltr'>ego,</span> 
     </span>
    </p>

    <p class='ocr_par' dir='ltr' id='par_1_18' title="bbox 282 3467 720 3532">
     <span class='ocr_line' id='line_1_47' title="bbox 282 3467 720 3532; baseline 0.011 -15"><span class='ocrx_word' id='word_1_138' title='bbox 282 3467 457 3519; x_wconf 74' lang='lat' dir='ltr'>Dicam</span> <span class='ocrx_word' id='word_1_139' title='bbox 478 3470 568 3520; x_wconf 85' lang='lat' dir='ltr'>tibi</span> <span class='ocrx_word' id='word_1_140' title='bbox 591 3485 720 3532; x_wconf 79' lang='lat' dir='ltr'>vere,</span> 
     </span>
    </p>
   </div>
   <div class='ocr_carea' id='block_1_10' title="bbox 1090 311 2135 368">
    <p class='ocr_par' dir='ltr' id='par_1_19' title="bbox 1090 311 2135 368">
     <span class='ocr_line' id='line_1_48' title="bbox 1090 311 2135 368; baseline 0.005 -6"><span class='ocrx_word' id='word_1_141' title='bbox 1090 317 1352 363; x_wconf 75' lang='lat' dir='ltr'>BRUTUS.</span> <span class='ocrx_word' id='word_1_142' title='bbox 2020 311 2135 368; x_wconf 75' lang='lat'>255</span> 
     </span>
    </p>
   </div>
   <div class='ocr_carea' id='block_1_11' title="bbox 1072 433 2103 3392">
    <p class='ocr_par' dir='ltr' id='par_1_20' title="bbox 1084 433 1675 496">
     <span class='ocr_line' id='line_1_49' title="bbox 1084 433 1675 496; baseline 0.007 -16"><span class='ocrx_word' id='word_1_143' title='bbox 1084 448 1177 496; x_wconf 91' lang='lat' dir='ltr'>que</span> <span class='ocrx_word' id='word_1_144' title='bbox 1198 434 1237 481; x_wconf 85' lang='lat' dir='ltr'>il</span> <span class='ocrx_word' id='word_1_145' title='bbox 1260 433 1378 481; x_wconf 74' lang='lat' dir='ltr'>etait</span> <span class='ocrx_word' id='word_1_146' title='bbox 1409 434 1502 482; x_wconf 86' lang='lat' dir='ltr'>lui·</span> <span class='ocrx_word' id='word_1_147' title='bbox 1505 440 1675 492; x_wconf 66' lang='lat' dir='ltr'>meme,</span> 
     </span>
    </p>

    <p class='ocr_par' dir='ltr' id='par_1_21' title="bbox 1082 499 2103 566">
     <span class='ocr_line' id='line_1_50' title="bbox 1082 499 2103 566; baseline 0.006 -19"><span class='ocrx_word' id='word_1_148' title='bbox 1082 499 1120 548; x_wconf 87' lang='lat' dir='ltr'>il</span> <span class='ocrx_word' id='word_1_149' title='bbox 1142 500 1380 562; x_wconf 70' lang='lat' dir='ltr'>m&#39;exercu</span> <span class='ocrx_word' id='word_1_150' title='bbox 1412 502 1619 563; x_wconf 78' lang='lat' dir='ltr'>pendant</span> <span class='ocrx_word' id='word_1_151' title='bbox 1650 504 1890 566; x_wconf 81' lang='lat' dir='ltr'>plusieurs</span> <span class='ocrx_word' id='word_1_152' title='bbox 1925 506 2103 553; x_wconf 73' lang='lat' dir='ltr'>unnees</span> 
     </span>
    </p>

    <p class='ocr_par' dir='ltr' id='par_1_22' title="bbox 1081 565 2065 632">
     <span class='ocr_line' id='line_1_51' title="bbox 1081 565 2065 632; baseline 0.004 -19"><span class='ocrx_word' id='word_1_153' title='bbox 1081 565 1203 614; x_wconf 81' lang='lat' dir='ltr'>dans</span> <span class='ocrx_word' id='word_1_154' title='bbox 1225 567 1275 614; x_wconf 81' lang='lat' dir='ltr'>la</span> <span class='ocrx_word' id='word_1_155' title='bbox 1292 566 1539 628; x_wconf 88' lang='lat' dir='ltr'>poursuite</span> <span class='ocrx_word' id='word_1_156' title='bbox 1561 568 1686 616; x_wconf 85' lang='lat' dir='ltr'>dela</span> <span class='ocrx_word' id='word_1_157' title='bbox 1714 573 1868 619; x_wconf 64' lang='lat' dir='ltr'>meme</span> <span class='ocrx_word' id='word_1_158' title='bbox 1884 569 2065 632; x_wconf 81' lang='lat' dir='ltr'>gloire;</span> 
     </span>
    </p>

    <p class='ocr_par' dir='ltr' id='par_1_23' title="bbox 1081 632 2067 712">
     <span class='ocr_line' id='line_1_52' title="bbox 1081 632 2067 712; baseline 0.006 -33"><span class='ocrx_word' id='word_1_159' title='bbox 1081 637 1130 680; x_wconf 89' lang='lat' dir='ltr'>et</span> <span class='ocrx_word' id='word_1_160' title='bbox 1150 632 1188 679; x_wconf 92' lang='lat' dir='ltr'>il</span> <span class='ocrx_word' id='word_1_161' title='bbox 1217 632 1382 694; x_wconf 78' lang='lat' dir='ltr'>plaida</span> <span class='ocrx_word' id='word_1_162' title='bbox 1403 637 1828 712; x_wconf 70' lang='lat' dir='ltr'>en-meme-temps</span> <span class='ocrx_word' id='word_1_163' title='bbox 1853 651 1968 684; x_wconf 78' lang='lat' dir='ltr'>avec</span> <span class='ocrx_word' id='word_1_164' title='bbox 1999 636 2067 685; x_wconf 91' lang='lat' dir='ltr'>toi</span> 
     </span>
    </p>

    <p class='ocr_par' dir='ltr' id='par_1_24' title="bbox 1080 698 1685 761">
     <span class='ocr_line' id='line_1_53' title="bbox 1080 698 1685 761; baseline 0.007 -16"><span class='ocrx_word' id='word_1_165' title='bbox 1080 712 1203 759; x_wconf 89' lang='lat' dir='ltr'>pour</span> <span class='ocrx_word' id='word_1_166' title='bbox 1224 698 1413 761; x_wconf 86' lang='lat' dir='ltr'>Appius</span> <span class='ocrx_word' id='word_1_167' title='bbox 1435 699 1685 757; x_wconf 74' lang='lat' dir='ltr'>Claudius.</span> 
     </span>
    </p>

    <p class='ocr_par' dir='ltr' id='par_1_25' title="bbox 1081 773 1674 827">
     <span class='ocr_line' id='line_1_54' title="bbox 1081 773 1674 827; baseline 0.002 -15"><span class='ocrx_word' id='word_1_168' title='bbox 1081 778 1274 827; x_wconf 86' lang='lat' dir='ltr'>un-peu</span> <span class='ocrx_word' id='word_1_169' title='bbox 1297 773 1445 813; x_wconf 78' lang='lat' dir='ltr'>avent</span> <span class='ocrx_word' id='word_1_170' title='bbox 1463 781 1515 813; x_wconf 72' lang='lat' dir='ltr'>sa</span> <span class='ocrx_word' id='word_1_171' title='bbox 1534 777 1674 821; x_wconf 83' lang='lat' dir='ltr'>mort,</span> 
     </span>
    </p>

    <p class='ocr_par' dir='ltr' id='par_1_26' title="bbox 1081 830 1982 955">
     <span class='ocr_line' id='line_1_55' title="bbox 1081 830 1982 895; baseline 0.004 -18"><span class='ocrx_word' id='word_1_172' title='bbox 1081 844 1266 880; x_wconf 87' lang='lat' dir='ltr'>comme</span> <span class='ocrx_word' id='word_1_173' title='bbox 1286 830 1561 879; x_wconf 70' lang='lat' dir='ltr'>moi-meme</span> <span class='ocrx_word' id='word_1_174' title='bbox 1581 847 1704 893; x_wconf 87' lang='lat' dir='ltr'>pour</span> <span class='ocrx_word' id='word_1_175' title='bbox 1720 832 1982 895; x_wconf 76' lang='lat' dir='ltr'>beaucoup.</span> 
     </span>
     <span class='ocr_line' id='line_1_56' title="bbox 1146 896 1694 955; baseline 0.002 -10"><span class='ocrx_word' id='word_1_176' title='bbox 1146 896 1301 946; x_wconf 85' lang='lat' dir='ltr'><strong>LXV.</strong></span> <span class='ocrx_word' id='word_1_177' title='bbox 1327 896 1518 947; x_wconf 81' lang='lat' dir='ltr'>Veis-tu</span> <span class='ocrx_word' id='word_1_178' title='bbox 1554 898 1694 955; x_wconf 85' lang='lat' dir='ltr'>donc,</span> 
     </span>
    </p>

    <p class='ocr_par' dir='ltr' id='par_1_27' title="bbox 1077 961 1279 1022">
     <span class='ocr_line' id='line_1_57' title="bbox 1077 961 1279 1022; baseline 0.005 -12"><span class='ocrx_word' id='word_1_179' title='bbox 1077 961 1279 1022; x_wconf 86' lang='lat' dir='ltr'>Brutus,</span> 
     </span>
    </p>

    <p class='ocr_par' dir='ltr' id='par_1_28' title="bbox 1078 1029 1999 1085">
     <span class='ocr_line' id='line_1_58' title="bbox 1078 1029 1999 1085; baseline -0.001 -7"><span class='ocrx_word' id='word_1_180' title='bbox 1078 1042 1265 1078; x_wconf 79' lang='lat' dir='ltr'>comme</span> <span class='ocrx_word' id='word_1_181' title='bbox 1286 1043 1411 1078; x_wconf 87' lang='lat' dir='ltr'>nous</span> <span class='ocrx_word' id='word_1_182' title='bbox 1431 1045 1638 1078; x_wconf 84' lang='lat' dir='ltr'>sommes</span> <span class='ocrx_word' id='word_1_183' title='bbox 1657 1029 1839 1076; x_wconf 77' lang='lat' dir='ltr'>arrives</span> <span class='ocrx_word' id='word_1_184' title='bbox 1864 1029 1895 1075; x_wconf 74' lang='grc' dir='ltr'>ὸ,</span> <span class='ocrx_word' id='word_1_185' title='bbox 1913 1031 1999 1085; x_wconf 87' lang='lat' dir='ltr'>toi,</span> 
     </span>
    </p>

    <p class='ocr_par' dir='ltr' id='par_1_29' title="bbox 1079 1095 1908 1157">
     <span class='ocr_line' id='line_1_59' title="bbox 1079 1095 1908 1157; baseline 0 -15"><span class='ocrx_word' id='word_1_186' title='bbox 1079 1109 1144 1142; x_wconf 88' lang='lat' dir='ltr'>un</span> <span class='ocrx_word' id='word_1_187' title='bbox 1171 1095 1214 1143; x_wconf 89' lang='lat' dir='ltr'>si</span> <span class='ocrx_word' id='word_1_188' title='bbox 1237 1097 1394 1157; x_wconf 80' lang='lat' dir='ltr'>grand</span> <span class='ocrx_word' id='word_1_189' title='bbox 1416 1097 1619 1144; x_wconf 88' lang='lat' dir='ltr'>nombre</span> <span class='ocrx_word' id='word_1_190' title='bbox 1638 1095 1908 1144; x_wconf 80' lang='lat' dir='ltr'>d’orateurs</span> 
     </span>
    </p>

    <p class='ocr_par' dir='ltr' id='par_1_30' title="bbox 1079 1163 1565 1225">
     <span class='ocr_line' id='line_1_60' title="bbox 1079 1163 1565 1225; baseline 0.006 -18"><span class='ocrx_word' id='word_1_191' title='bbox 1079 1163 1565 1225; x_wconf 73' lang='lat' dir='ltr'>se-trouvant-places</span> 
     </span>
    </p>

    <p class='ocr_par' dir='ltr' id='par_1_31' title="bbox 1078 1228 1524 1276">
     <span class='ocr_line' id='line_1_61' title="bbox 1078 1228 1524 1276; baseline 0.007 -3"><span class='ocrx_word' id='word_1_192' title='bbox 1078 1234 1213 1275; x_wconf 87' lang='lat' dir='ltr'>entre</span> <span class='ocrx_word' id='word_1_193' title='bbox 1237 1243 1353 1275; x_wconf 90' lang='lat' dir='ltr'>mon</span> <span class='ocrx_word' id='word_1_194' title='bbox 1377 1228 1524 1276; x_wconf 81' lang='lat' dir='ltr'>debut</span> 
     </span>
    </p>

    <p class='ocr_par' dir='ltr' id='par_1_32' title="bbox 1078 1292 1358 1341">
     <span class='ocr_line' id='line_1_62' title="bbox 1078 1292 1358 1341; baseline 0.007 -2"><span class='ocrx_word' id='word_1_195' title='bbox 1078 1298 1129 1339; x_wconf 86' lang='lat' dir='ltr'>et</span> <span class='ocrx_word' id='word_1_196' title='bbox 1148 1293 1194 1340; x_wconf 93' lang='lat' dir='ltr'>le</span> <span class='ocrx_word' id='word_1_197' title='bbox 1218 1294 1319 1341; x_wconf 88' lang='lat' dir='ltr'>tien</span> <span class='ocrx_word' id='word_1_198' title='bbox 1334 1292 1358 1341; x_wconf 81' lang='lat'>?</span> 
     </span>
    </p>

    <p class='ocr_par' dir='ltr' id='par_1_33' title="bbox 1078 1357 1473 1420">
     <span class='ocr_line' id='line_1_63' title="bbox 1078 1357 1473 1420; baseline 0.005 -16"><span class='ocrx_word' id='word_1_199' title='bbox 1078 1357 1242 1405; x_wconf 81' lang='lat' dir='ltr'>Parmi</span> <span class='ocrx_word' id='word_1_200' title='bbox 1261 1359 1473 1420; x_wconf 86' lang='lat' dir='ltr'>ceux-ci,</span> 
     </span>
    </p>

    <p class='ocr_par' dir='ltr' id='par_1_34' title="bbox 1077 1424 1894 1486">
     <span class='ocr_line' id='line_1_64' title="bbox 1077 1424 1894 1486; baseline 0.004 -15"><span class='ocrx_word' id='word_1_201' title='bbox 1077 1424 1282 1486; x_wconf 84' lang='lat' dir='ltr'>puisque</span> <span class='ocrx_word' id='word_1_202' title='bbox 1300 1425 1389 1486; x_wconf 83' lang='lat' dir='ltr'>j’ai</span> <span class='ocrx_word' id='word_1_203' title='bbox 1406 1425 1569 1474; x_wconf 78' lang='lat' dir='ltr'>resclu</span> <span class='ocrx_word' id='word_1_204' title='bbox 1593 1424 1653 1473; x_wconf 88' lang='lat' dir='ltr'>de</span> <span class='ocrx_word' id='word_1_205' title='bbox 1673 1436 1894 1474; x_wconf 87' lang='lat' dir='ltr'>nommer</span> 
     </span>
    </p>

    <p class='ocr_par' dir='ltr' id='par_1_35' title="bbox 1080 1489 1699 1540">
     <span class='ocr_line' id='line_1_65' title="bbox 1080 1489 1699 1540; baseline 0.003 -4"><span class='ocrx_word' id='word_1_206' title='bbox 1080 1489 1201 1538; x_wconf 79' lang='lat' dir='ltr'>dans</span> <span class='ocrx_word' id='word_1_207' title='bbox 1232 1505 1286 1538; x_wconf 87' lang='lat' dir='ltr'>ce</span> <span class='ocrx_word' id='word_1_208' title='bbox 1304 1497 1442 1540; x_wconf 89' lang='lat' dir='ltr'>notre</span> <span class='ocrx_word' id='word_1_209' title='bbox 1464 1491 1699 1540; x_wconf 86' lang='lat' dir='ltr'>entretien</span> 
     </span>
    </p>

    <p class='ocr_par' dir='ltr' id='par_1_36' title="bbox 1076 1556 1472 1605">
     <span class='ocr_line' id='line_1_66' title="bbox 1076 1556 1472 1605; baseline 0 -2"><span class='ocrx_word' id='word_1_210' title='bbox 1076 1570 1235 1603; x_wconf 76' lang='lat' dir='ltr'>aucun</span> <span class='ocrx_word' id='word_1_211' title='bbox 1262 1556 1319 1603; x_wconf 89' lang='lat' dir='ltr'>de</span> <span class='ocrx_word' id='word_1_212' title='bbox 1349 1571 1472 1605; x_wconf 81' lang='lat' dir='ltr'>ceux</span> 
     </span>
    </p>

    <p class='ocr_par' dir='ltr' id='par_1_37' title="bbox 1076 1622 1413 1684">
     <span class='ocr_line' id='line_1_67' title="bbox 1076 1622 1413 1684; baseline 0.003 -14"><span class='ocrx_word' id='word_1_213' title='bbox 1076 1622 1163 1684; x_wconf 89' lang='lat' dir='ltr'>qui</span> <span class='ocrx_word' id='word_1_214' title='bbox 1184 1622 1413 1678; x_wconf 79' lang='lat' dir='ltr'>vivaient‚</span> 
     </span>
    </p>

    <p class='ocr_par' dir='ltr' id='par_1_38' title="bbox 1076 1687 1833 1751">
     <span class='ocr_line' id='line_1_68' title="bbox 1076 1687 1833 1751; baseline 0.004 -16"><span class='ocrx_word' id='word_1_215' title='bbox 1076 1687 1386 1751; x_wconf 80' lang='lat' dir='ltr'>‹ie—peur-que</span> <span class='ocrx_word' id='word_1_216' title='bbox 1398 1703 1517 1737; x_wconf 81' lang='lat' dir='ltr'>vous</span> <span class='ocrx_word' id='word_1_217' title='bbox 1537 1704 1600 1737; x_wconf 89' lang='lat' dir='ltr'>ne</span> <span class='ocrx_word' id='word_1_218' title='bbox 1619 1691 1833 1739; x_wconf 78' lang='lat' dir='ltr'>tirassiez</span> 
     </span>
    </p>

    <p class='ocr_par' dir='ltr' id='par_1_39' title="bbox 1077 1753 1751 1818">
     <span class='ocr_line' id='line_1_69' title="bbox 1077 1753 1751 1818; baseline 0.006 -18"><span class='ocrx_word' id='word_1_219' title='bbox 1077 1753 1136 1801; x_wconf 87' lang='lat' dir='ltr'>de</span> <span class='ocrx_word' id='word_1_220' title='bbox 1155 1755 1254 1803; x_wconf 90' lang='lat' dir='ltr'>moi</span> <span class='ocrx_word' id='word_1_221' title='bbox 1272 1756 1751 1818; x_wconf 82' lang='lat' dir='ltr'>trop-curiensement</span> 
     </span>
    </p>

    <p class='ocr_par' dir='ltr' id='par_1_40' title="bbox 1078 1821 1831 1884">
     <span class='ocr_line' id='line_1_70' title="bbox 1078 1821 1831 1884; baseline 0.004 -17"><span class='ocrx_word' id='word_1_222' title='bbox 1078 1833 1132 1867; x_wconf 86' lang='lat' dir='ltr'>ce</span> <span class='ocrx_word' id='word_1_223' title='bbox 1153 1834 1245 1881; x_wconf 87' lang='lat' dir='ltr'>que</span> <span class='ocrx_word' id='word_1_224' title='bbox 1261 1822 1314 1883; x_wconf 85' lang='lat' dir='ltr'>je</span> <span class='ocrx_word' id='word_1_225' title='bbox 1332 1822 1521 1884; x_wconf 77' lang='lat' dir='ltr'>pensais</span> <span class='ocrx_word' id='word_1_226' title='bbox 1544 1821 1602 1869; x_wconf 85' lang='lat' dir='ltr'>de</span> <span class='ocrx_word' id='word_1_227' title='bbox 1624 1821 1831 1880; x_wconf 73' lang='lat' dir='ltr'>chacun,</span> 
     </span>
    </p>

    <p class='ocr_par' dir='ltr' id='par_1_41' title="bbox 1074 1886 1561 1947">
     <span class='ocr_line' id='line_1_71' title="bbox 1074 1886 1561 1947; baseline 0.006 -15"><span class='ocrx_word' id='word_1_228' title='bbox 1074 1886 1126 1947; x_wconf 87' lang='lat' dir='ltr'>je</span> <span class='ocrx_word' id='word_1_229' title='bbox 1147 1889 1418 1936; x_wconf 86' lang='lat' dir='ltr'>nommerai</span> <span class='ocrx_word' id='word_1_230' title='bbox 1440 1902 1561 1935; x_wconf 85' lang='lat' dir='ltr'>ceux</span> 
     </span>
    </p>

    <p class='ocr_par' dir='ltr' id='par_1_42' title="bbox 1078 1951 1623 2015">
     <span class='ocr_line' id='line_1_72' title="bbox 1078 1951 1623 2015; baseline 0.006 -18"><span class='ocrx_word' id='word_1_231' title='bbox 1078 1951 1164 2013; x_wconf 89' lang='lat' dir='ltr'>qui</span> <span class='ocrx_word' id='word_1_232' title='bbox 1185 1959 1296 2000; x_wconf 85' lang='lat' dir='ltr'>sont</span> <span class='ocrx_word' id='word_1_233' title='bbox 1319 1952 1429 2015; x_wconf 61' lang='lat' dir='ltr'>dejs</span> <span class='ocrx_word' id='word_1_234' title='bbox 1451 1961 1623 2002; x_wconf 79' lang='lat' dir='ltr'>morte.</span> 
     </span>
    </p>

    <p class='ocr_par' dir='ltr' id='par_1_43' title="bbox 1077 2018 1530 2079">
     <span class='ocr_line' id='line_1_73' title="bbox 1077 2018 1530 2079; baseline 0.009 -15"><span class='ocrx_word' id='word_1_235' title='bbox 1077 2043 1144 2053; x_wconf 94' lang='lat'>—</span> <span class='ocrx_word' id='word_1_236' title='bbox 1160 2018 1308 2066; x_wconf 88' lang='lat' dir='ltr'>Alors</span> <span class='ocrx_word' id='word_1_237' title='bbox 1333 2019 1530 2079; x_wconf 86' lang='lat' dir='ltr'>Brutus,</span> 
     </span>
    </p>

    <p class='ocr_par' dir='ltr' id='par_1_44' title="bbox 1077 2082 1890 2146">
     <span class='ocr_line' id='line_1_74' title="bbox 1077 2082 1890 2146; baseline 0.005 -14"><span class='ocrx_word' id='word_1_238' title='bbox 1077 2082 1145 2132; x_wconf 84' lang='lat' dir='ltr'>Ge</span> <span class='ocrx_word' id='word_1_239' title='bbox 1166 2085 1289 2133; x_wconf 86' lang='lat' dir='ltr'>u&#39;est</span> <span class='ocrx_word' id='word_1_240' title='bbox 1312 2100 1396 2146; x_wconf 73' lang='lat' dir='ltr'>pas</span> <span class='ocrx_word' id='word_1_241' title='bbox 1414 2092 1535 2134; x_wconf 89' lang='lat' dir='ltr'>cette</span> <span class='ocrx_word' id='word_1_242' title='bbox 1557 2100 1722 2144; x_wconf 80' lang='lat' dir='ltr'>cause,</span> <span class='ocrx_word' id='word_1_243' title='bbox 1741 2085 1890 2146; x_wconf 82' lang='lat' dir='ltr'>dit-il,</span> 
     </span>
    </p>

    <p class='ocr_par' dir='ltr' id='par_1_45' title="bbox 1075 2151 1497 2214">
     <span class='ocr_line' id='line_1_75' title="bbox 1075 2151 1497 2214; baseline 0.012 -19"><span class='ocrx_word' id='word_1_244' title='bbox 1075 2163 1167 2211; x_wconf 88' lang='lat' dir='ltr'>que</span> <span class='ocrx_word' id='word_1_245' title='bbox 1188 2156 1244 2197; x_wconf 88' lang='lat' dir='ltr'>tu</span> <span class='ocrx_word' id='word_1_246' title='bbox 1266 2151 1497 2214; x_wconf 73' lang='lat' dir='ltr'>allegues,</span> 
     </span>
    </p>

    <p class='ocr_par' dir='ltr' id='par_1_46' title="bbox 1073 2217 1619 2278">
     <span class='ocr_line' id='line_1_76' title="bbox 1073 2217 1619 2278; baseline 0.005 -15"><span class='ocrx_word' id='word_1_247' title='bbox 1073 2217 1312 2278; x_wconf 89' lang='lat' dir='ltr'>pourquoi</span> <span class='ocrx_word' id='word_1_248' title='bbox 1333 2224 1387 2265; x_wconf 89' lang='lat' dir='ltr'>tu</span> <span class='ocrx_word' id='word_1_249' title='bbox 1416 2234 1472 2266; x_wconf 76' lang='lat' dir='ltr'>m</span> <span class='ocrx_word' id='word_1_250' title='bbox 1494 2233 1619 2266; x_wconf 83' lang='lat' dir='ltr'>veux</span> 
     </span>
    </p>

    <p class='ocr_par' dir='ltr' id='par_1_47' title="bbox 1077 2281 1307 2330">
     <span class='ocr_line' id='line_1_77' title="bbox 1077 2281 1307 2330; baseline 0.004 -2"><span class='ocrx_word' id='word_1_251' title='bbox 1077 2281 1180 2330; x_wconf 90' lang='lat' dir='ltr'>dire</span> <span class='ocrx_word' id='word_1_252' title='bbox 1201 2283 1307 2329; x_wconf 89' lang='lat' dir='ltr'>rien</span> 
     </span>
    </p>

    <p class='ocr_par' dir='ltr' id='par_1_48' title="bbox 1077 2346 1586 2410">
     <span class='ocr_line' id='line_1_78' title="bbox 1077 2346 1586 2410; baseline 0.008 -16"><span class='ocrx_word' id='word_1_253' title='bbox 1077 2346 1135 2394; x_wconf 87' lang='lat' dir='ltr'>de</span> <span class='ocrx_word' id='word_1_254' title='bbox 1159 2362 1282 2395; x_wconf 88' lang='lat' dir='ltr'>ceux</span> <span class='ocrx_word' id='word_1_255' title='bbox 1303 2349 1388 2410; x_wconf 90' lang='lat' dir='ltr'>qui</span> <span class='ocrx_word' id='word_1_256' title='bbox 1406 2348 1586 2398; x_wconf 78' lang='lat' dir='ltr'>vivent.</span> 
     </span>
    </p>

    <p class='ocr_par' dir='ltr' id='par_1_49' title="bbox 1075 2413 1710 2474">
     <span class='ocr_line' id='line_1_79' title="bbox 1075 2413 1710 2474; baseline 0 -12"><span class='ocrx_word' id='word_1_257' title='bbox 1075 2439 1142 2450; x_wconf 91' lang='lat'><strong>—</strong></span> <span class='ocrx_word' id='word_1_258' title='bbox 1164 2413 1335 2474; x_wconf 84' lang='lat' dir='ltr'>Quelle</span> <span class='ocrx_word' id='word_1_259' title='bbox 1356 2415 1538 2462; x_wconf 82' lang='lat' dir='ltr'>est-elle</span> <span class='ocrx_word' id='word_1_260' title='bbox 1557 2414 1710 2462; x_wconf 75' lang='lat' dir='ltr'>donc?</span> 
     </span>
    </p>

    <p class='ocr_par' dir='ltr' id='par_1_50' title="bbox 1074 2478 1238 2543">
     <span class='ocr_line' id='line_1_80' title="bbox 1074 2478 1238 2543; baseline 0 -15"><span class='ocrx_word' id='word_1_261' title='bbox 1074 2478 1238 2543; x_wconf 78' lang='lat' dir='ltr'>dis-je.</span> 
     </span>
    </p>

    <p class='ocr_par' dir='ltr' id='par_1_51' title="bbox 1074 2543 1929 2610">
     <span class='ocr_line' id='line_1_81' title="bbox 1074 2543 1929 2610; baseline -0.002 -15"><span class='ocrx_word' id='word_1_262' title='bbox 1074 2571 1141 2582; x_wconf 90' lang='lat'>—</span> <span class='ocrx_word' id='word_1_263' title='bbox 1171 2545 1234 2595; x_wconf 82' lang='lat' dir='ltr'>Je</span> <span class='ocrx_word' id='word_1_264' title='bbox 1259 2560 1405 2610; x_wconf 87' lang='lat' dir='ltr'>pense</span> <span class='ocrx_word' id='word_1_265' title='bbox 1427 2547 1496 2594; x_wconf 90' lang='lat' dir='ltr'>toi</span> <span class='ocrx_word' id='word_1_266' title='bbox 1513 2543 1754 2601; x_wconf 78' lang='lat' dir='ltr'>crsindre,</span> <span class='ocrx_word' id='word_1_267' title='bbox 1782 2547 1929 2606; x_wconf 77' lang='lat' dir='ltr'>‹ut-ss,</span> 
     </span>
    </p>

    <p class='ocr_par' dir='ltr' id='par_1_52' title="bbox 1074 2611 1601 2674">
     <span class='ocr_line' id='line_1_82' title="bbox 1074 2611 1601 2674; baseline 0.004 -16"><span class='ocrx_word' id='word_1_268' title='bbox 1074 2625 1166 2674; x_wconf 89' lang='lat' dir='ltr'>que</span> <span class='ocrx_word' id='word_1_269' title='bbox 1189 2626 1242 2661; x_wconf 88' lang='lat' dir='ltr'>ce</span> <span class='ocrx_word' id='word_1_270' title='bbox 1264 2612 1480 2660; x_wconf 86' lang='lat' dir='ltr'>discours</span> <span class='ocrx_word' id='word_1_271' title='bbox 1503 2611 1601 2661; x_wconf 86' lang='lat' dir='ltr'>tien</span> 
     </span>
    </p>

    <p class='ocr_par' dir='ltr' id='par_1_53' title="bbox 1073 2675 1792 2742">
     <span class='ocr_line' id='line_1_83' title="bbox 1073 2675 1792 2742; baseline -0.003 -17"><span class='ocrx_word' id='word_1_272' title='bbox 1073 2692 1135 2725; x_wconf 88' lang='lat' dir='ltr'>ne</span> <span class='ocrx_word' id='word_1_273' title='bbox 1157 2680 1400 2741; x_wconf 78' lang='lat' dir='ltr'>transpire</span> <span class='ocrx_word' id='word_1_274' title='bbox 1416 2693 1504 2742; x_wconf 79' lang='lat' dir='ltr'>par</span> <span class='ocrx_word' id='word_1_275' title='bbox 1523 2685 1662 2727; x_wconf 84' lang='lat' dir='ltr'>notre</span> <span class='ocrx_word' id='word_1_276' title='bbox 1687 2675 1792 2733; x_wconf 77' lang='lat' dir='ltr'>fait,</span> 
     </span>
    </p>

    <p class='ocr_par' dir='ltr' id='par_1_54' title="bbox 1073 2746 1843 2823">
     <span class='ocr_line' id='line_1_84' title="bbox 1073 2746 1843 2823; baseline 0 -32"><span class='ocrx_word' id='word_1_277' title='bbox 1073 2750 1122 2792; x_wconf 93' lang='lat' dir='ltr'>et</span> <span class='ocrx_word' id='word_1_278' title='bbox 1131 2760 1226 2823; x_wconf 36' lang='lat' dir='ltr'>‘que</span> <span class='ocrx_word' id='word_1_279' title='bbox 1245 2760 1387 2805; x_wconf 88' lang='lat' dir='ltr'>ceux,</span> <span class='ocrx_word' id='word_1_280' title='bbox 1413 2760 1506 2807; x_wconf 89' lang='lat' dir='ltr'>que</span> <span class='ocrx_word' id='word_1_281' title='bbox 1526 2750 1581 2792; x_wconf 88' lang='lat' dir='ltr'>tu</span> <span class='ocrx_word' id='word_1_282' title='bbox 1603 2758 1657 2792; x_wconf 80' lang='lat' dir='ltr'>as</span> <span class='ocrx_word' id='word_1_283' title='bbox 1679 2746 1843 2800; x_wconf 51' lang='lat' dir='ltr'>omiss</span> 
     </span>
    </p>

    <p class='ocr_par' dir='ltr' id='par_1_55' title="bbox 1074 2808 1708 2863">
     <span class='ocr_line' id='line_1_85' title="bbox 1074 2808 1708 2863; baseline -0.003 -5"><span class='ocrx_word' id='word_1_284' title='bbox 1074 2810 1229 2859; x_wconf 88' lang='lat' dir='ltr'>soient</span> <span class='ocrx_word' id='word_1_285' title='bbox 1252 2810 1418 2859; x_wconf 66' lang='lat' dir='ltr'>faches</span> <span class='ocrx_word' id='word_1_286' title='bbox 1435 2819 1601 2863; x_wconf 85' lang='lat' dir='ltr'>contre</span> <span class='ocrx_word' id='word_1_287' title='bbox 1623 2808 1708 2859; x_wconf 87' lang='lat' dir='ltr'>toi.</span> 
     </span>
    </p>

    <p class='ocr_par' dir='ltr' id='par_1_56' title="bbox 1074 2876 1694 2943">
     <span class='ocr_line' id='line_1_86' title="bbox 1074 2876 1694 2943; baseline -0.005 -16"><span class='ocrx_word' id='word_1_288' title='bbox 1074 2905 1139 2916; x_wconf 92' lang='lat'>—</span> <span class='ocrx_word' id='word_1_289' title='bbox 1161 2876 1328 2938; x_wconf 82' lang='lat' dir='ltr'>Quoi?</span> <span class='ocrx_word' id='word_1_290' title='bbox 1351 2876 1508 2943; x_wconf 82' lang='lat' dir='ltr'>Vous,</span> <span class='ocrx_word' id='word_1_291' title='bbox 1533 2878 1694 2940; x_wconf 83' lang='lat' dir='ltr'>dis-je,</span> 
     </span>
    </p>

    <p class='ocr_par' dir='ltr' id='par_1_57' title="bbox 1072 2940 1817 3008">
     <span class='ocr_line' id='line_1_87' title="bbox 1072 2940 1817 3008; baseline -0.001 -18"><span class='ocrx_word' id='word_1_292' title='bbox 1072 2957 1192 2992; x_wconf 83' lang='lat' dir='ltr'>vous</span> <span class='ocrx_word' id='word_1_293' title='bbox 1217 2960 1280 2992; x_wconf 89' lang='lat' dir='ltr'>ne</span> <span class='ocrx_word' id='word_1_294' title='bbox 1299 2959 1505 3008; x_wconf 82' lang='lat' dir='ltr'>pourrez</span> <span class='ocrx_word' id='word_1_295' title='bbox 1525 2958 1646 2993; x_wconf 78' lang='lat' dir='ltr'>vous</span> <span class='ocrx_word' id='word_1_296' title='bbox 1662 2940 1817 2990; x_wconf 78' lang='lat' dir='ltr'>taire?</span> 
     </span>
    </p>

    <p class='ocr_par' dir='ltr' id='par_1_58' title="bbox 1072 3009 1665 3072">
     <span class='ocr_line' id='line_1_88' title="bbox 1072 3009 1665 3072; baseline -0.002 -13"><span class='ocrx_word' id='word_1_297' title='bbox 1072 3036 1136 3049; x_wconf 88' lang='lat'>—</span> <span class='ocrx_word' id='word_1_298' title='bbox 1158 3009 1295 3059; x_wconf 86' lang='lat' dir='ltr'>Nous</span> <span class='ocrx_word' id='word_1_299' title='bbox 1322 3016 1490 3072; x_wconf 80' lang='lat' dir='ltr'>certes,</span> <span class='ocrx_word' id='word_1_300' title='bbox 1519 3010 1665 3069; x_wconf 84' lang='lat' dir='ltr'>dit-il,</span> 
     </span>
    </p>

    <p class='ocr_par' dir='ltr' id='par_1_59' title="bbox 1074 3076 1495 3134">
     <span class='ocr_line' id='line_1_89' title="bbox 1074 3076 1495 3134; baseline 0.003 -10"><span class='ocrx_word' id='word_1_301' title='bbox 1074 3077 1191 3124; x_wconf 73' lang='lat' dir='ltr'>tres·</span> <span class='ocrx_word' id='word_1_302' title='bbox 1194 3076 1495 3134; x_wconf 83' lang='lat' dir='ltr'>facilement;</span> 
     </span>
    </p>

    <p class='ocr_par' dir='ltr' id='par_1_60' title="bbox 1073 3142 1679 3206">
     <span class='ocr_line' id='line_1_90' title="bbox 1073 3142 1679 3206; baseline -0.002 -17"><span class='ocrx_word' id='word_1_303' title='bbox 1073 3142 1196 3191; x_wconf 78' lang='lat' dir='ltr'>mais</span> <span class='ocrx_word' id='word_1_304' title='bbox 1215 3149 1444 3206; x_wconf 85' lang='lat' dir='ltr'>pourtant</span> <span class='ocrx_word' id='word_1_305' title='bbox 1462 3144 1515 3205; x_wconf 75' lang='lat' dir='ltr'>Je</span> <span class='ocrx_word' id='word_1_306' title='bbox 1534 3155 1679 3204; x_wconf 83' lang='lat' dir='ltr'>pense</span> 
     </span>
    </p>

    <p class='ocr_par' dir='ltr' id='par_1_61' title="bbox 1073 3205 2030 3265">
     <span class='ocr_line' id='line_1_91' title="bbox 1073 3205 2030 3265; baseline -0.003 -10"><span class='ocrx_word' id='word_1_307' title='bbox 1073 3207 1144 3256; x_wconf 85' lang='lat' dir='ltr'>toi</span> <span class='ocrx_word' id='word_1_308' title='bbox 1165 3209 1341 3257; x_wconf 80' lang='lat' dir='ltr'>aimer·</span> <span class='ocrx_word' id='word_1_309' title='bbox 1348 3209 1514 3256; x_wconf 87' lang='lat' dir='ltr'>mieux</span> <span class='ocrx_word' id='word_1_310' title='bbox 1543 3214 1590 3254; x_wconf 87' lang='lat' dir='ltr'>te</span> <span class='ocrx_word' id='word_1_311' title='bbox 1612 3207 1734 3255; x_wconf 81' lang='lat' dir='ltr'>taire</span> <span class='ocrx_word' id='word_1_312' title='bbox 1755 3205 1850 3255; x_wconf 89' lang='lat' dir='ltr'>toi·</span> <span class='ocrx_word' id='word_1_313' title='bbox 1829 3208 2030 3265; x_wconf 72' lang='lat' dir='ltr'>-meme,</span> 
     </span>
    </p>

    <p class='ocr_par' dir='ltr' id='par_1_62' title="bbox 1074 3273 1752 3337">
     <span class='ocr_line' id='line_1_92' title="bbox 1074 3273 1752 3337; baseline -0.003 -15"><span class='ocrx_word' id='word_1_314' title='bbox 1074 3288 1166 3337; x_wconf 89' lang='lat' dir='ltr'>que</span> <span class='ocrx_word' id='word_1_315' title='bbox 1186 3274 1246 3323; x_wconf 86' lang='lat' dir='ltr'>de</span> <span class='ocrx_word' id='word_1_316' title='bbox 1266 3280 1438 3322; x_wconf 88' lang='lat' dir='ltr'>mettre</span> <span class='ocrx_word' id='word_1_317' title='bbox 1461 3275 1491 3322; x_wconf 71' lang='grc' dir='ltr'>ὲ</span> <span class='ocrx_word' id='word_1_318' title='bbox 1515 3273 1547 3320; x_wconf 90' lang='lat'>1</span> <span class='ocrx_word' id='word_1_319' title='bbox 1551 3274 1752 3337; x_wconf 75' lang='lat' dir='ltr'>epreuve</span> 
     </span>
    </p>

    <p class='ocr_par' dir='ltr' id='par_1_63' title="bbox 1073 3340 1506 3392">
     <span class='ocr_line' id='line_1_93' title="bbox 1073 3340 1506 3392; baseline 0 -4"><span class='ocrx_word' id='word_1_320' title='bbox 1073 3348 1211 3389; x_wconf 86' lang='lat' dir='ltr'>notre</span> <span class='ocrx_word' id='word_1_321' title='bbox 1229 3340 1506 3392; x_wconf 76' lang='lat' dir='ltr'>discretion.</span> 
     </span>
    </p>
   </div>
   <div class='ocr_carea' id='block_1_12' title="bbox 1077 3406 1697 3527">
    <p class='ocr_par' dir='ltr' id='par_1_64' title="bbox 1077 3406 1681 3523">
     <span class='ocr_line' id='line_1_94' title="bbox 1077 3406 1448 3468; baseline 0.009 -15"><span class='ocrx_word' id='word_1_322' title='bbox 1077 3432 1141 3444; x_wconf 91' lang='lat'>—-</span> <span class='ocrx_word' id='word_1_323' title='bbox 1159 3406 1309 3455; x_wconf 83' lang='lat' dir='ltr'>Alors</span> <span class='ocrx_word' id='word_1_324' title='bbox 1330 3407 1448 3468; x_wconf 88' lang='lat' dir='ltr'>moi,</span> 
     </span>
     <span class='ocr_line' id='line_1_95' title="bbox 1077 3425 1697 3527; baseline -0.003 -5"><span class='ocrx_word' id='word_1_325' title='bbox 1077 3471 1140 3522; x_wconf 80' lang='lat' dir='ltr'>Je</span> <span class='ocrx_word' id='word_1_326' title='bbox 1166 3478 1213 3522; x_wconf 87' lang='lat' dir='ltr'>te</span> <span class='ocrx_word' id='word_1_327' title='bbox 1235 3477 1275 3521; x_wconf 76' lang='lat' dir='ltr'>lo</span> <span class='ocrx_word' id='word_1_328' title='bbox 1301 3473 1425 3523; x_wconf 73' lang='lat' dir='ltr'>dirui</span> <span class='ocrx_word' id='word_1_329' title='bbox 1445 3488 1528 3521; x_wconf 82' lang='lat' dir='ltr'>en·</span> <span class='ocrx_word' id='word_1_330' title='bbox 1530 3425 1697 3527; x_wconf 66' lang='lat' dir='ltr'>verite,</span> 
     </span>
    </p>
   </div>
  </div>
 </body>
</html>
