2592 4084
1104 378 1367 425 BRUTUS.
2050 377 2071 431 1
2089 378 2111 431 1
2129 378 2162 437 l,

313 498 588 560 causisque,
1104 505 1152 543 et
1171 498 1226 544 de
1249 513 1434 552 causes,

312 566 471 627 quoad
495 567 596 612 vita
612 564 946 626 suppeditavit.
1103 573 1210 610 tant
1240 579 1331 625 que
1355 566 1402 611 la
1424 565 1501 612 vie
1526 566 1756 614 subsiste..

311 632 582 678 Prudentes
613 628 847 685 homines}
1102 629 1191 677 Les
1213 629 1431 677 hommes
1454 630 1668 693 e'claireS‚

312 698 398 759 qui
425 697 686 745 audierant
705 696 856 758 hunc,
1102 698 1185 756 qui
1215 696 1444 743 l’avaient
1465 704 1690 755 entenuu,

310 764 364 810 in
395 764 571 824 quibus
593 763 649 811 L.
677 763 863 811 Gellius
1100 764 1258 822 parmi
1281 764 1489 823 lesquels
1508 762 1564 810 L.
1590 762 1792 820 Gellius,

309 838 477 878 noster
494 830 770 884 familiaris,
1101 837 1242 875 notre
1264 830 1382 884 ami,

271 920 279 928 ·
311 897 395 955 qui
415 897 647 942 narrabat
672 911 719 941 se
745 894 893 941 fuisse
1102 894 1184 954 qui
1205 895 1446 941 racontait
1473 896 1544 941 soi
1569 895 1704 941 avoir
1729 896 1804 941 (ste

309 961 708 1008 contubernalem
731 961 806 1007 illi
1099 961 1164 1006 lie
1187 962 1398 1006 avec-lui

308 1027 360 1074 in
390 1028 663 1083 consulatu,
1099 1027 1311 1087 pendant
1332 1041 1411 1073 son
1436 1026 1677 1079 consulat,

309 1092 498 1142 dicebat
527 1093 675 1140 fuisse
697 1098 934 1140 oratorem
1102 1091 1243 1137 disait
1266 1098 1334 1138 lui
1359 1096 1459 1139 &tre
1481 1108 1547 1138 un
1574 1100 1768 1138 orateur

310 1173 559 1214 canorum,
584 1168 632 1205 et
654 1159 936 1218 volubilem,
1096 1156 1438 1213 harmonieux,
1468 1167 1516 1205 et
1539 1158 1803 1217 abondant‚

310 1232 358 1270 et
382 1226 501 1271 satis
524 1239 703 1283 acrem,
1099 1232 1145 1269 et
1168 1238 1304 1271 assez
1326 1225 1507 1282 anime,

309 1300 451 1351 utque
468 1293 689 1338 eumdem
1097 1298 1144 1335 et
1172 1291 1216 1334 le
1244 1293 1398 1336 meme

309 1364 355 1402 et
376 1356 700 1404 vehementem
715 1389 727 1412 ,
1097 1357 1225 1401 aussi
1250 1356 1516 1412 vehement,

309 1429 357 1467 et
373 1422 510 1469 valde
532 1421 742 1479 dulcem,
1097 1427 1145 1465 et
1166 1421 1262 1468 fort
1287 1421 1432 1480 doux,

309 1488 702 1548 ct=perfacetum;
1096 1497 1145 1532 et
1174 1487 1498 1552 tres-enjoue;

306 1554 518 1601 addebat
538 1553 834 1604 industrium
855 1552 1015 1609 etiam,
1096 1553 1133 1597 il
1165 1553 1372 1614 ajoutait
1395 1558 1460 1599 lui
1484 1552 1603 1598 actif
1626 1554 1771 1612 aussi,

307 1628 354 1665 et
378 1619 675 1682 diligentem,
1052 1610 1059 1622 ⁸
1097 1625 1145 1663 et
1172 1618 1429 1665 laborieux

306 1693 353 1731 et
366 1685 562 1732 solitum
591 1700 711 1733 esse.
1093 1690 1144 1730 et
1169 1683 1310 1731 avoir
1331 1683 1599 1732 l’habitude

304 1765 480 1812 ponere
503 1751 713 1798 multum
742 1765 900 1813 operae
1097 1748 1156 1796 de
1187 1758 1360 1797 mettre
1394 1751 1639 1812 beaucoup
1666 1751 1724 1798 de
1749 1752 1851 1798 soin

303 1817 357 1863 in
375 1817 800 1866 exercitationibus
1098 1814 1220 1861 dans
1239 1816 1312 1863 les
1333 1818 1566 1864 exercices

304 1884 899 1944 commentationibusque.
1098 1887 1145 1926 et
1178 1882 1247 1929 les
1273 1882 2014 1946 travanx-de-la-nomposition·

302 1946 399 1995 Hic
426 1947 621 1994 habitus
644 1955 716 1994 est
1099 1946 1313 1994 Celui-ci
1338 1963 1480 2009 passa
1504 1964 1624 2010 pour

303 2014 518 2075 optimus
531 2022 779 2074 patronus,
1097 2011 1145 2058 le
1171 2014 1394 2060 meilleur
1413 2023 1598 2072 avocat,

300 2079 603 2140 temporibus
621 2079 738 2137 illis,
1097 2091 1157 2124 en
1178 2093 1233 2126 ce
1252 2080 1493 2142 temps-le,

299 2158 457 2204 eoque
480 2149 670 2196 tenente
690 2148 855 2194 forum
1098 2150 1146 2190 et
1165 2145 1359 2191 celui-ci
1388 2154 1624 2206 occupant
1643 2148 1692 2194 le
1721 2146 1882 2195 forum

300 2210 490 2272 Judicia
506 2218 753 2272 coeperunt
1096 2207 1167 2256 les
1190 2209 1421 2272 affantes-J
1429 2212 1680 2259 udiciaires
1697 2211 2092 2261 ‘commeucbrent

302 2275 408 2323 fieri
434 2277 580 2337 plura
600 2294 612 2321 ε
1097 2275 1128 2320 ὲ
1152 2275 1348 2322 devenir
1374 2279 1823 2338 plus-nombreusen
1843 2296 1858 2324 t

302 2356 418 2390 nam
441 2349 489 2388 et
512 2343 801 2404 quaestiones
1095 2355 1179 2387 car
1201 2341 1271 2388 les
1300 2343 1563 2390 tribunaux

301 2416 544 2470 perpetum
1093 2415 1402 2468 permanente

302 2474 582 2522 constitutae
604 2486 724 2524 sunt
1091 2472 1258 2522 furent
1281 2475 1455 2522 etablis

301 2538 397 2588 hoc
420 2540 740 2599 adolescente,
1092 2538 1164 2586 lui
1189 2541 1728 2602 etant-jeune-homme‚

303 2620 411 2668 quae
432 2605 628 2653 fuerunt
651 2609 802 2659 nullae
827 2612 967 2654 antea
1094 2606 1174 2665 qui
1195 2607 1507 2653 n'existaient
1536 2622 1618 2668 pas
1638 2614 1938 2669 anparavant

302 2671 380 2732 (L.
403 2673 529 2718 enim
553 2672 681 2732 Piso,
1094 2673 1194 2731 (car
1230 2671 1285 2720 L.
1321 2672 1482 2729 Pison,

302 2737 529 2786 tribunus
551 2738 720 2799 plebis,
1091 2738 1254 2783 tribun
1277 2738 1345 2785 clu
1374 2739 1561 2801 peuple,

300 2802 416 2850 tulit
438 2804 621 2865 primus
640 2806 796 2867 legem
1091 2805 1293 2863 portale
1317 2808 1524 2866 premier
1545 2819 1640 2852 une
1653 2806 1725 2852 loi

300 2868 360 2916 de
380 2870 597 2930 pecuniis
612 2870 904 2932 repetundis,
1091 2883 1175 2915 sur
1197 2869 1266 2918 les
1290 2870 1898 2930 affaires-de-concussion,

296 2935 565 2984 Censorino
590 2943 638 2983 et
653 2936 858 2986 Manilio
1090 2934 1388 2983 Censorinus
1406 2946 1453 2984 et
1475 2937 1709 2985 Manilius

300 3002 613 3058 oonsulibus;
1091 3001 1216 3048 diam
1238 3005 1453 3051 consuls.

298 3066 410 3116 Piso
441 3069 585 3115 etiam
609 3069 710 3131 ipse
1089 3066 1238 3115 Pison
1259 3071 1389 3116 aussi
1412 3070 1664 3117 lui-meme

299 3146 469 3180 causas
502 3149 531 3180 e
569 3136 686 3196 egit,
1089 3133 1255 3196 plaida
1275 3136 1549 3198 &galement
1573 3138 1656 3184 des
1687 3151 1876 3193 causes,

299 3207 347 3245 et
368 3199 463 3246 fuit
491 3215 582 3247 aue
604 3215 661 3247 or
683 3207 769 3247 aut
784 3198 1038 3249 dissuasor
1089 3207 1136 3247 et
1159 3216 1351 3263 appuya.
1383 3217 1448 3250 ou
1472 3203 1726 3250 combuttit

297 3265 565 3312 multarum
591 3268 785 3327 legum3
1088 3266 1337 3329 beaucoup
1360 3267 1419 3314 de
1442 3268 1560 3327 lois3

294 3330 436 3392 isque
467 3341 516 3379 et
536 3333 741 3394 reliquit
775 3333 1036 3395 orationes,
1058 3372 1065 3377 .
1090 3338 1138 3379 et
1157 3332 1353 3380 celui-oi
1376 3335 1505 3380 aussi
1524 3350 1552 3381 a
1577 3334 1722 3382 luisse
1741 3334 1830 3382 fles
1853 3334 2089 3393 discours,

300 3410 411 3457 quae
435 3405 734 3446 evanuerunt
745 3398 870 3461 jam,
1092 3399 1175 3458 qui
1194 3405 1280 3447 ont
1297 3398 1495 3461 diepam
1515 3400 1639 3462 deje,

299 3468 350 3508 et
369 3463 583 3523 annales,
1092 3471 1140 3509 et
1173 3463 1254 3510 des
1276 3467 1498 3524 annales,

296 3528 505 3589 scriptos
523 3545 638 3578 sane
661 3530 871 3592 exiliter)
890 3548 902 3589 ς
1090 3529 1260 3577 sorites
1284 3536 1435 3579 certes
1458 3531 1915 3595 avec-secheresse);
