2592 4084
9 848 21 927 ⁴-

465 354 539 410 68
1247 360 1517 405 BRUTUS.

461 477 700 534 minibus
732 475 1000 532 obstruxit
1024 476 1144 532 haec
1176 475 1546 548 posteriorum
1576 473 1738 545 quasi
1778 479 2120 544 exaggerata
2146 473 2304 528 altius

422 638 431 650 ,
461 576 656 634 oratio.
684 576 790 632 Sed
814 580 871 631 et
891 575 948 630 in
977 575 1179 632 nostris
1204 574 1428 631 inscitia
1450 578 1555 639 est,
1580 572 1729 646 quod
1754 572 1795 627 ii
1819 572 1947 644 ipsi,
1971 573 2066 644 qui
2091 572 2149 627 in
2167 574 2305 628 Grae-

460 677 539 732 cis
566 675 892 746 antiquitate
920 673 1288 743 delectantur,
1320 688 1496 744 eaque
1525 670 1852 742 subtilitate,
1881 686 2051 743 quam
2073 671 2303 726 Atticam

460 774 759 847 appellant,
791 772 933 828 hanc
955 773 1014 827 in
1050 774 1258 829 Catone
1284 788 1393 828 non
1424 777 1696 827 noverunt
1721 771 1945 843 quidem
1972 790 1984 827 :
2018 771 2302 843 Hyperidae

461 875 650 931 volunt
676 890 796 931 esse
823 880 879 930 et
901 874 1074 945 Lysiae
1103 891 1117 929 ε
1146 874 1313 929 laudo
1333 891 1347 942 3
1378 872 1479 929 sed
1503 888 1604 927 cur
1622 871 1818 928 nolunt
1838 871 2116 927 Catones?
2136 872 2302 927 Attico

455 991 660 1046 genere
693 974 914 1030 dicendi
941 990 1001 1030 se
1027 973 1277 1045 gaudere
1306 974 1515 1029 dicunt.
1543 972 1831 1044 Sapienter
1853 971 1909 1027 id
1935 971 2185 1044 quidem.
2216 977 2305 1027 At-

458 1091 564 1147 que
588 1074 797 1129 utinam
829 1073 1205 1144 imitarentur,
1231 1089 1333 1129 nec
1365 1089 1489 1130 ossa
1521 1073 1721 1136 solum,
1755 1073 1853 1127 sed
1879 1072 2046 1126 etiam
2081 1073 2304 1143 sangui-

457 1176 616 1233 nem!
644 1179 873 1233 Gratum
910 1180 995 1232 est
1033 1181 1240 1247 tamen,
1267 1175 1414 1247 quod
1441 1174 1654 1233 volunt.
1687 1176 1801 1230 Cur
1837 1174 2009 1243 igitur
2034 1172 2226 1243 Lysias
2253 1178 2304 1228 et

454 1277 763 1350 Hyperides
781 1280 1016 1348 amatur,
1038 1292 1212 1348 quum
1238 1266 1461 1348 penitus
1496 1275 1781 1347 ignoretur
1821 1274 1995 1329 Cato?
2022 1274 2304 1347 Antiquior

457 1383 542 1432 est
572 1376 734 1447 hujus
763 1392 962 1444 sermo,
988 1380 1043 1431 et
1071 1376 1325 1447 quaedam
1349 1374 1661 1430 horridiora
1685 1374 1886 1430 verba:
1910 1373 1987 1428 ita
2015 1372 2164 1428 enim
2187 1381 2306 1429 tum

454 1477 841 1549 loquebantur.
883 1476 946 1532 Id
984 1481 1157 1542 muta,
1199 1475 1349 1548 quod
1383 1481 1502 1531 tum
1538 1474 1635 1530 ille
1676 1489 1788 1529 non
1826 1473 2033 1544 potuit,
2068 1480 2124 1530 et
2164 1473 2302 1530 adde

457 1593 737 1646 numeroS,
768 1584 831 1634 ut
852 1578 1030 1649 aptior
1061 1578 1134 1633 sit
1164 1578 1340 1633 oratio
1362 1593 1378 1649 3
1403 1578 1524 1648 ipsa
1545 1576 1719 1633 verba
1740 1590 2027 1647 compone,
2057 1581 2114 1630 et
2150 1576 2305 1648 quasi

455 1686 798 1753 coagmenta,
828 1681 976 1752 quod
1021 1697 1089 1736 ne
1128 1680 1305 1736 Graeci
1344 1678 1570 1752 quidem
1611 1681 1832 1736 veteres
1864 1677 2299 1733 factitaverunt:

452 1779 567 1847 jam
613 1782 892 1837 neminem
936 1789 1233 1853 antepones
1281 1779 1494 1837 Catoni.
1541 1779 1737 1836 Ornari
1778 1779 2085 1834 orationem
2127 1778 2306 1833 Graeci

456 1892 669 1958 putant,
701 1886 748 1942 si
768 1887 1061 1943 verborum
1088 1884 1565 1940 immutationibus
1592 1889 1836 1953 utantur,
1868 1898 2007 1954 quos
2025 1883 2308 1955 appellant

455 2103 544 2135 nos
566 2086 821 2134 modernos
841 2085 1014 2132 dei-obe
1035 2087 1086 2130 la
1107 2099 1201 2131 vue
1221 2083 1305 2131 des
1326 2084 1524 2131 beantes
1548 2082 1609 2131 de
1630 2082 1798 2132 Caton.
1818 2083 1944 2131 Mais
1958 2082 1997 2130 il
2011 2099 2043 2145 y
2068 2098 2098 2131 a
2116 2083 2176 2132 de
2192 2085 2303 2148 plus

453 2178 567 2226 chez
601 2177 671 2225 les
693 2177 857 2224 n6tres
889 2190 985 2223 une
1008 2175 1242 2223 veritable
1271 2176 1566 2237 ignorance:
1598 2190 1681 2222 car
1707 2190 1786 2223 ces
1801 2174 2019 2223 hommes
2048 2177 2151 2238 qui,
2182 2177 2306 2226 dans

451 2267 521 2312 les
547 2263 698 2312 Grecs
717 2264 899 2311 aiment
921 2277 976 2310 ce
999 2264 1120 2324 gont
1143 2263 1340 2323 antique
1367 2269 1416 2310 et
1453 2270 1576 2310 cette
1599 2263 1855 2325 simplicite
1891 2262 2038 2324 qu'ils
2062 2266 2306 2326 appellent

453 2351 511 2397 de
538 2351 832 2408 l’stticisme,
858 2365 921 2398 ne
940 2357 1109 2397 savent
1135 2365 1219 2411 pas
1254 2351 1410 2397 meme
1428 2350 1502 2397 les
1535 2348 1641 2398 voir
1665 2348 1787 2397 dans
1813 2349 1984 2399 Caton.
2017 2349 2086 2398 Ils
2111 2352 2307 2401 veulent

450 2441 550 2486 etre
571 2439 654 2487 des
677 2438 949 2502 Hyperides
969 2444 1018 2486 et
1036 2436 1117 2485 des
1147 2438 1349 2500 Lysias3
1372 2438 1403 2484 ὲ
1430 2437 1482 2485 la
1511 2437 1672 2484 bonne
1695 2436 1874 2484 heure:
1915 2438 2044 2499 mais
2062 2442 2304 2501 pourquoi

450 2542 511 2575 ne
531 2529 810 2576 veulentnils
843 2543 931 2591 pas
969 2531 1070 2575 &tre
1092 2527 1175 2575 des
1202 2528 1382 2576 Catone
1404 2524 1428 2573 ἰ’
1450 2526 1520 2574 Ils
1545 2528 1726 2575 aiment
1763 2528 1811 2575 le
1834 2527 1957 2590 style
2000 2528 2213 2590 attique3
2242 2532 2306 2579 ils

452 2619 536 2660 ont
555 2614 717 2661 raison
744 2630 757 2660 ε
781 2613 905 2660 mais
933 2612 1041 2675 plot
1061 2614 1091 2659 ὲ
1114 2612 1240 2660 Dieu
1261 2611 1383 2674 qu’il
1409 2626 1469 2659 en
1496 2612 1784 2670 imitassent,
1804 2627 1901 2660 non
1924 2627 2009 2676 pas
2035 2614 2309 2664 seulement

449 2701 497 2747 le
521 2702 768 2763 squelette,
786 2703 910 2749 mais
935 2700 1286 2763 l'embonpoint
1304 2706 1352 2747 et
1374 2700 1422 2747 le
1442 2700 1644 2749 coloris!
1679 2700 2020 2750 Sachons-leur
2044 2704 2131 2766 gre
2145 2710 2311 2754 toute-

449 2787 541 2835 fois
569 2788 628 2835 de
651 2790 759 2837 leur
779 2790 1049 2846 intention3
1076 2790 1201 2835 mais
1246 2789 1361 2835 d'oii
1387 2790 1517 2837 vient
1547 2796 1668 2837 cette
1688 2791 1883 2851 passion
1906 2807 2031 2854 pour
2057 2792 2232 2855 Lysias
2259 2801 2307 2842 et

448 2876 708 2939 Hyperide,
741 2877 902 2926 tandis
942 2878 1089 2941 qu'on
1130 2893 1191 2925 ne
1232 2883 1431 2925 connait
1458 2888 1779 2929 aucunement
1816 2882 1968 2930 Caton
1993 2880 2016 2928 ’ἒ
2054 2882 2150 2930 Son
2177 2887 2310 2946 style

447 2971 521 3012 est
544 2972 653 3028 trop
673 2967 846 3024 vieux;
873 2981 937 3014 on
970 2973 1141 3013 trouve
1163 2966 1279 3013 chez
1304 2966 1375 3013 lui
1401 2967 1483 3013 des
1508 2974 1635 3014 mots
1653 2970 1887 3016 surannes
1910 2986 1922 3015 ε
1952 2969 2069 3016 c'est
2086 2972 2308 3032 qu'alors

447 3068 512 3100 on
539 3054 717 3115 pai-luit
739 3053 885 3102 ainsi.
909 3053 1134 3116 changez
1151 3068 1204 3102 ce
1227 3054 1351 3116 qu’il
1374 3070 1434 3102 ne
1449 3057 1648 3117 pouvait
1668 3054 1881 3119 changer
1904 3058 2027 3105 dans
2048 3073 2102 3107 ce
2125 3068 2308 3123 temps—

446 3141 520 3200 ἰὸς
543 3141 733 3204 ajoutez
756 3141 819 3189 du
845 3141 1046 3190 nombre
1068 3143 1098 3188 a
1122 3158 1195 3189 ses
1216 3143 1462 3205 periode33
1491 3153 1663 3190 mettez
1688 3152 1821 3193 entre
1846 3148 1980 3193 leurs
1991 3147 2169 3210 parties
2188 3150 2306 3211 plus

447 3229 504 3276 de
528 3230 701 3278 liaison
725 3237 771 3278 et
795 3230 853 3278 de
890 3232 1150 3292 symetri03
1176 3232 1374 3295 joignez
1406 3239 1453 3280 et
1482 3232 1749 3280 assemblez
1789 3248 1903 3282 avec
1936 3236 2046 3298 plus
2081 3236 2207 3284 d'art
2234 3239 2307 3286 les

445 3325 569 3364 mots
591 3322 883 3365 eux-memes
906 3320 978 3379 (ce
1013 3333 1104 3380 que
1125 3320 1196 3368 les
1217 3321 1417 3368 enciens
1440 3319 1591 3368 Grecs
1611 3334 1672 3367 ne
1690 3321 1908 3369 savaient
1935 3338 2021 3385 pas
2044 3322 2167 3370 faire
2189 3324 2307 3386 plus

443 3419 534 3466 que
555 3405 724 3470 nous);
756 3407 885 3455 alors
914 3421 1034 3454 vous
1059 3421 1120 3455 ne
1144 3414 1344 3456 metti-ez
1374 3422 1610 3471 personne
1643 3408 1895 3456 an—dessus
1921 3410 1980 3458 de
1999 3411 2168 3461 Caion.
2209 3412 2305 3460 Les

443 3491 589 3541 Grecs
623 3496 806 3543 croient
829 3496 1050 3544 embellir
1088 3498 1218 3547 leurs
1252 3497 1470 3546 discours
1503 3512 1561 3544 en
1586 3495 1763 3546 faisant
1783 3513 1933 3561 usage
1966 3498 2021 3546 de
2038 3514 2114 3547 ces
2137 3498 2306 3548 chan-
