2592 4084
1086 326 1357 372 namus.
2034 320 2147 375 205

287 451 340 490 et
361 440 556 496 ductus,
585 439 750 497 oredo,
1091 448 1140 489 et
1166 440 1383 495 oonduit,
1404 439 1453 500 je
1477 454 1638 502 pense,

288 508 634 563 benivolentia,
1090 522 1179 569 par
1202 507 1250 553 ls
1273 506 1635 562 bienveillanoe,

288 575 536 622 tribuebat
553 573 717 622 omnia
742 570 886 620 mihi.
1088 573 1128 621 il
1147 572 1393 621 accordait
1413 580 1519 619 tout
1541 574 1571 619 lt
1591 573 1708 620 moi.

287 640 384 689 Sed
412 655 503 703 ego
524 641 705 692 neseio.
1088 639 1216 687 Meis
1247 653 1370 700 pour
1395 638 1493 686 moi
1514 638 1743 702 j’ignore,

288 721 401 769 quae
426 709 491 753 sit
519 706 680 769 opinio
700 702 864 767 populi
1089 706 1248 768 quelle
1265 714 1340 751 est
1358 705 1595 768 l'opinion
1619 705 1684 752 du
1710 705 1879 768 pmple

289 775 351 819 de
379 788 457 820 me
468 789 483 835 3
1088 788 1175 819 sur
1195 772 1321 827 moi3

287 839 489 886 affirmo
513 838 608 885 hoo
631 836 690 885 ds
703 834 921 897 reliquis,
1082 835 1319 901 j'sffirme
1339 837 1438 884 oeci
1463 836 1547 884 des
1568 844 1744 894 autres,

284 905 484 953 eosdem
517 904 663 951 fuisse
1085 904 1157 952 les
1184 907 1364 951 memes
1384 904 1520 951 avoir
1535 904 1610 951 ete

286 971 663 1033 probatissimos
1088 969 1159 1018 les
1179 971 1291 1032 plns
1326 971 1521 1017 estimes

291 1037 492 1097 ,iudicio
513 1049 705 1098 quoqne
1089 1052 1153 1085 su
1173 1037 1432 1100 jugement
1453 1036 1585 1084 snssi

284 1104 689 1166 intelligentium,
1089 1102 1172 1152 des
1198 1103 1584 1167 gens-de-gosst,

284 1170 371 1232 qui
404 1167 561 1217 habiti
587 1170 687 1218 sint
1089 1171 1173 1230 qui
1201 1178 1286 1217 ont
1304 1173 1588 1231 passe-pour

287 1235 591 1284 disertissimi
1089 1236 1162 1283 les
1183 1237 1293 1298 plus
1316 1235 1570 1297 eloquente

287 1303 517 1363 opinione
539 1301 696 1365 vulgi.
1092 1301 1214 1349 dans
1242 1303 1475 1363 l’opinion
1501 1301 1567 1349 du
1590 1299 1778 1363 peuple.

288 1368 485 1417 Etenim
509 1366 856 1417 Demosthenes
1088 1368 1310 1416 En-effet
1334 1368 1656 1415 Demosthene

286 1449 387 1482 non
407 1442 566 1497 posset
584 1434 744 1482 dicere
759 1433 890 1479 idem
1087 1449 1149 1481 ne
1171 1436 1393 1497 ponti-sit
1416 1449 1501 1496 pas
1531 1434 1634 1482 dire
1655 1428 2067 1480 ls-meme-ohose

287 1500 419 1563 quod
443 1500 606 1549 ferunt
625 1497 993 1554 Antimachum,
1087 1515 1180 1561 que
1202 1500 1303 1548 l'on
1328 1506 1552 1563 rapporte
1573 1500 1887 1560 Antimsqne,

284 1575 478 1630 poetam
500 1567 737 1627 Clarium,
765 1564 963 1620 dixisse,
1084 1570 1222 1627 poete
1244 1566 1302 1612 de
1324 1566 1510 1621 Claros,
1531 1565 1668 1613 avoir
1693 1564 1807 1616 dite.

287 1635 393 1696 qui,
416 1649 567 1696 quum
585 1633 768 1695 legeret
1085 1633 1260 1694 lequel,
1291 1634 1497 1692 un-Jour
1521 1646 1611 1694 qne
1631 1631 1667 1677 il
1699 1630 1833 1678 lissit

286 1700 597 1748 auditoribus
619 1694 898 1748 convocetis
1084 1700 1114 1746 ὲ
1142 1699 1225 1746 des
1248 1698 1499 1746 suditenrs
1527 1697 1800 1759 eonvoques

287 1766 420 1814 illud
449 1780 685 1829 magnum
1083 1779 1138 1812 oe
1157 1764 1315 1828 grand

285 1833 514 1879 volumen
553 1847 696 1879 suum
1083 1832 1278 1879 volume
1302 1831 1426 1888 sien,

284 1898 419 1960 quod
439 1898 662 1955 novistis,
1081 1911 1176 1958 que
1201 1912 1321 1945 vous
1350 1897 1646 1951 connaissez,

284 1972 335 2012 et
358 1979 526 2012 omnes
552 1962 863 2025 reliquissent
1081 1970 1130 2009 et
1151 1978 1232 2022 quo
1250 1974 1362 2010 tons
1380 1963 1572 2011 avaient
1589 1959 1812 2011 luisse-lit

280 2044 403 2077 eum
423 2030 681 2092 legentem,
1078 2028 1151 2076 lui
1185 2031 1352 2085 lisam,

286 2103 469 2158 praeter
489 2095 760 2151 Platonem,
1081 2098 1273 2157 excepte
1294 2095 1489 2153 Platon,

293 2180 321 2205 α
346 2161 547 2225 Legem.
572 2162 755 2223 iuquit,
1088 2179 1111 2203 α
1144 2161 1206 2211 Je
1226 2162 1357 2218 limi,
1386 2162 1539 2221 dit-il,

284 2228 635 2285 nihilominus3
1083 2228 1205 2276 nean
1211 2228 1370 2276 moins
1382 2244 1397 2286 ς

286 2293 430 2342 Plato
455 2294 587 2342 enim
613 2308 741 2342 unus
760 2299 834 2342 est
855 2293 977 2342 mihi
1084 2307 1170 2342 ost·
1189 2292 1363 2341 Platon
1398 2293 1503 2340 seul
1519 2298 1595 2339 est
1614 2306 1737 2354 pour
1758 2290 1859 2339 moi

287 2362 445 2409 instar
468 2361 687 2409 omnium
707 2361 939 2411 millium.
971 2380 995 2406 ι
1082 2359 1397 2422 l'equivalent
1413 2358 1471 2406 de
1491 2366 1603 2406 tous
1636 2360 1707 2406 les
1728 2358 1951 2406 milliers.
1981 2373 2003 2400 ι

287 2427 352 2475 Et
373 2436 501 2475 reete
529 2444 541 2473 :
1084 2426 1150 2475 Et
1174 2432 1211 2474 il
1245 2429 1314 2473 die
1334 2427 1445 2473 bien
1487 2440 1500 2470 ε

289 2508 458 2556 poema
479 2495 608 2541 enim
644 2493 948 2542 reoonditum
1084 2506 1168 2540 oar
1191 2509 1259 2541 un
1283 2495 1451 2555 poeme
1472 2489 1679 2553 prosond

290 2560 636 2622 approbatione
656 2576 948 2623 paucorum3
1085 2576 1116 2605 a
1143 2563 1294 2607 δοκοίη
1315 2560 1371 2606 de
1390 2557 1744 2619 l'spprobstion
1766 2555 1823 2603 de
1846 2569 1971 2618 peu3

288 2627 444 2675 oratio
462 2626 709 2688 popularis
1083 2625 1130 2672 le
1159 2626 1379 2673 discours
1407 2622 1658 2686 populaire

291 2692 433 2741 debet
454 2693 638 2741 moveri
1086 2692 1189 2739 doit
1207 2695 1308 2739 &tre
1325 2691 1565 2739 influence

288 2757 353 2806 ad
386 2773 582 2807 sensum
604 2757 758 2821 vulgi.
1083 2759 1217 2806 selon
1242 2758 1289 2806 le
1312 2757 1575 2806 sentiment
1600 2753 1659 2803 de
1680 2755 1729 2802 Is
1752 2754 1902 2803 foule.

288 2824 371 2883 At,
405 2824 447 2872 si
470 2824 821 2874 Demosthenes
1083 2824 1226 2881 Mais,
1250 2825 1293 2872 si
1316 2822 1639 2873 Demosthene

287 2890 485 2940 haberet
507 2891 778 2939 auditorem
806 2906 959 2939 unum
1081 2892 1367 2953 avait-pour
1385 2889 1605 2937 auditeur
1624 2888 1805 2950 unique

287 2957 421 3006 huno
441 2957 666 3005 eumdem
689 2955 956 3012 Platonem,
1083 2971 1138 3005 ee
1159 2961 1317 3004 meme
1338 2957 1531 3014 Platon,

288 3040 441 3085 quum
474 3025 675 3073 relictus
697 3032 823 3072 esset
1082 3025 1245 3085 quand
1268 3023 1307 3072 il
1321 3022 1483 3071 sursit
1500 3022 1573 3069 ete
1594 3020 1738 3068 luisse

287 3105 319 3135 a
343 3091 542 3149 esteris,
1082 3104 1170 3151 par
1190 3092 1261 3137 les
1282 3095 1463 3148 autres,

288 3172 387 3204 non
410 3166 569 3219 posset
590 3157 749 3206 faeere
769 3155 988 3204 verbum.
1079 3155 1120 3203 il
1146 3172 1207 3204 ne
1223 3157 1444 3217 pout-rsit
1477 3155 1581 3202 dire
1600 3168 1668 3202 un
1692 3160 1811 3201 mot.

285 3222 417 3282 Quid
436 3233 508 3280 tu,
539 3238 721 3286 posses,
744 3223 916 3279 Brute,
1081 3221 1186 3281 Que
1213 3221 1539 3284 pontreis-tu,
1562 3222 1764 3278 Brutus,

286 3292 327 3335 si
352 3290 522 3338 oonoio
548 3299 598 3337 te
626 3290 914 3351 reliquisset,
1082 3289 1124 3335 si
1145 3287 1446 3336 l'assemblee
1467 3288 1635 3335 t’svsit
1653 3286 1888 3340 luisse-le,

286 3365 344 3401 ut
365 3355 628 3404 Curionem
648 3353 928 3418 quondam?
1082 3369 1269 3403 comme
1290 3354 1472 3402 Cui-ion
1508 3368 1577 3401 un
1605 3350 1752 3416 Jour?

356 3446 421 3457 —
445 3421 547 3484 Ego
569 3437 700 3480 vero,
727 3420 888 3483 inquit
907 3419 1008 3478 ille,
1147 3445 1208 3456 —
1231 3419 1361 3466 Pour
1382 3420 1500 3476 moi,
1528 3419 1603 3468 dit
1634 3417 1849 3472 celui-oi,

289 3494 344 3534 ut
379 3501 456 3534 me
485 3487 693 3536 indicem
716 3487 835 3547 tibi,
1081 3500 1204 3549 pour
1226 3501 1305 3533 me
1326 3486 1508 3534 revelet
1529 3487 1559 3533 ὲ
1583 3485 1671 3544 toi,
