2592 4084
341 489 403 538 ad
434 485 805 552 amplitudinem
839 502 1078 537 summam

343 571 454 604 oum
475 557 635 619 gratia
656 565 706 604 et
727 555 888 620 gloria
911 557 1079 603 maxi-

341 621 637 670 adscendens
957 621 1073 687 [ma.

340 685 579 750 gradibus
597 687 995 752 magistratuum,

339 761 397 802 ut
419 760 554 817 pater
575 756 682 816 ejus
704 753 900 811 fecerat,

340 828 397 868 ut
429 820 608 883 reliqui
643 819 737 867 viri
760 819 1008 869 clariores.

408 885 531 946 Qum
551 885 745 948 quidem
769 886 980 935 arbitror

339 966 422 1000 me
443 952 601 1016 egisse
619 966 745 1014 sape

343 1018 489 1066 etiam
517 1033 630 1066 cum
652 1018 828 1068 Crasso

343 1085 447 1132 lilio
473 1083 564 1146 M„

341 1164 493 1212 quum
521 1165 573 1198 se
593 1149 878 1198 contulisset

340 1216 406 1264 ad
431 1230 588 1265 meatu
621 1216 909 1277 amicitiam,

340 1296 493 1345 quum
517 1283 738 1332 hortarer

339 1348 644 1398 vehementer
675 1364 807 1410 eum,

339 1421 396 1463 ut
412 1415 609 1465 duceret

339 1483 470 1530 viam
504 1482 664 1531 laudis
698 1482 1037 1541 rectissimam,

338 1561 446 1595 eam
468 1562 616 1610 quam
635 1549 848 1613 majores
862 1549 971 1611 ejus

340 1614 652 1676 reliquissent
672 1617 717 1663 ei
738 1615 928 1664 tritam·

342 1679 461 1728 Erat
479 1681 611 1729 enim

336 1760 491 1807 quum
522 1747 773 1796 institutus
807 1747 1005 1808 optime,

341 1818 446 1859 tum
465 1813 610 1860 etiam
634 1813 853 1861 eruditus

343 1878 552 1939 perfecte
573 1880 837 1942 planequ03

339 1944 593 2005 ineratque
615 1954 663 1992 et
688 1943 942 2008 ingenium

341 2010 463 2057 satis
496 2023 622 2067 acre,

339 2081 390 2123 et
410 2075 549 2138 co'pia
560 2075 801 2124 orationis

341 2155 441 2189 non
464 2141 710 2205 inelegans
731 2159 744 2190 e

340 2212 667 2270 pratereaque

341 2273 594 2322 videbatur
616 2287 718 2322 esse
741 2276 907 2339 gravis

339 2340 445 2387 sine
471 2341 772 2403 arrogantia,

334 2412 388 2454 et
409 2407 711 2455 verecundus

339 2472 445 2521 sine
468 2473 699 2536 segnitia.

338 2536 430 2586 Sed
452 2538 649 2600 quidam
666 2545 815 2589 estus

339 2605 512 2667 glorio
535 2605 748 2656 insolitae

334 2671 723 2721 adolescentibus

340 2737 589 2786 absorbuit
610 2739 741 2787 huno
759 2753 947 2803 quoque
970 2754 985 2799 ς

338 2803 443 2866 qui,
468 2805 583 2865 quia
603 2805 743 2853 miles

334 2884 535 2932 operam
550 2880 754 2930 navarat
773 2871 1073 2936 imperatori,

336 2938 561 2999 cupiebat
594 2951 644 2985 se
665 2951 768 2986 esse

338 3004 675 3064 imperatorem
699 3004 862 3051 statim
887 3019 900 3049 ι

334 3070 417 3116 cui
438 3071 630 3117 muneri

336 3148 441 3183 mos
465 3135 708 3198 majorum

337 3201 534 3263 reliquit
553 3210 740 3250 aetatem
768 3208 966 3261 certam,

337 3276 515 3316 sortem
539 3269 793 3317 incertam.

335 3334 415 3383 Ita
435 3348 524 3381 suo
536 3349 653 3383 casu
674 3335 978 3398 gravissimo,

340 3401 458 3447 dum
493 3401 648 3450 voluit
664 3416 766 3452 esse
795 3402 971 3452 similis

341 3467 456 3528 Cyri
480 3475 528 3515 et
550 3468 832 3525 Alexandri,

337 3533 425 3595 qui
458 3539 841 3583 transcurrerent

622 3647 834 3692 131¹an

1136 367 1388 415 saurus.
2071 362 2181 420 321

1136 504 1199 537 au
1223 504 1349 552 tang
1376 488 1713 552 le-plus-eleve

1134 569 1252 604 aveo
1274 555 1446 604 faveur
1477 561 1526 603 et
1546 556 1699 619 gleire
1732 557 2064 622 tres-grande,

1131 636 1192 669 en
1215 621 1446 670 s'elevant

1132 702 1220 750 par
1253 687 1323 736 les
1352 686 1521 750 degree
1543 684 1627 735 des
1661 690 2046 753 magistratum,

1131 768 1320 802 comme
1342 753 1388 801 le
1421 755 1531 816 pere
1553 750 1612 801 de
1641 752 1715 803 lui
1740 757 1870 805 avait
1888 758 1994 810 fait,

1130 834 1319 870 comme
1354 819 1424 867 les
1468 823 1629 867 autres
1650 819 1866 870 hommes
1890 822 2181 888 distingues·

1195 884 1568 936 Ces-choses-la
1586 892 1739 935 certes
1745 887 1799 948 je
1823 902 1969 953 pense

1133 953 1196 999 lu
1219 956 1358 1001 avoir
1371 951 1565 1000 traitees
1585 959 1792 1002 convent

1132 1018 1265 1067 aussi
1299 1032 1416 1067 avec
1435 1017 1657 1079 Crassus,

1131 1083 1209 1132 fils
1229 1085 1288 1134 de
1307 1085 1521 1140 Marcus,

1131 1150 1414 1214 alors-qu’il
1430 1148 1592 1199 s’etait
1611 1146 1804 1199 adonne

1131 1217 1161 1263 a
1183 1225 1323 1267 notre
1344 1217 1527 1271 amitie‚

1131 1295 1317 1332 comme
1334 1281 1625 1346 j’exhortais

1129 1349 1373 1398 vivement
1395 1350 1489 1410 lui,

1128 1416 1161 1462 a
1182 1415 1626 1479 regarder-comme

1127 1480 1176 1529 le
1189 1482 1383 1530 chemin
1408 1480 1777 1545 le-plus-‹lirect
1798 1482 1857 1531 de
1877 1483 1929 1534 la
1949 1482 2124 1550 gloire‚

1128 1547 1257 1596 oelui
1282 1563 1378 1611 que
1401 1549 1474 1596 les
1493 1549 1712 1595 ancetres
1735 1548 1795 1597 de
1813 1549 1886 1598 lui

1130 1616 1324 1662 avaient
1344 1614 1489 1662 laissa
1510 1615 1542 1662 a
1555 1613 1628 1661 lui
1652 1613 1809 1677 fraye.

1127 1677 1170 1727 11
1192 1681 1312 1728 etait
1340 1679 1543 1728 en·effet

1128 1747 1518 1794 non-seulement
1544 1745 1676 1794 elevo
1700 1746 1800 1795 fort
1820 1746 1953 1804 bien,

1128 1815 1251 1860 mais
1274 1827 1445 1861 encore
1464 1813 1667 1860 instruit

1128 1879 1469 1939 parfaitement
1486 1886 1534 1927 et
1562 1879 1592 1924 a
1626 1877 1743 1927 fond
1768 1895 1782 1936 ς

1129 1951 1176 1991 et
1194 1945 1544 2006 il-y-avait·en
1570 1945 1646 1994 lui
1671 1960 1739 1993 un
1766 1943 1918 2007 esprit

1130 2023 1262 2058 assez
1285 2010 1374 2067 vif,

1128 2083 1177 2122 et
1194 2091 1288 2123 une
1311 2076 1519 2125 riohesse
1547 2077 1606 2125 de
1620 2077 1765 2141 style·

1127 2155 1225 2189 non
1246 2143 1520 2208 inelegante
1543 2159 1558 2202 ς

1128 2213 1178 2255 et
1197 2222 1258 2257 en
1293 2216 1431 2258 outre

1127 2273 1165 2320 il
1190 2276 1445 2335 paraissait
1466 2277 1566 2324 etro
1594 2288 1743 2338 grave

1129 2353 1243 2389 sans
1266 2341 1493 2398 hauteur,

1128 2414 1179 2453 et
1203 2407 1417 2455 modeste

1128 2486 1243 2520 sans
1266 2473 1494 2521 timidite.

1128 2538 1253 2586 Mais
1274 2538 1489 2588 certaine
1509 2537 1688 2586 ivresse

1130 2604 1276 2653 d’nne
1299 2605 1454 2669 gloire
1474 2599 1860 2667 peu-habituelle

1127 2686 1227 2719 aux
1245 2673 1562 2735 jeunes-gens

1126 2738 1388 2786 l’entraina
1408 2735 1631 2786 lui-aussi
1652 2754 1665 2792 ς

1128 2805 1335 2868 lui-qui,
1373 2819 1515 2867 parce
1537 2818 1627 2865 que
1651 2800 1810 2849 soldat

1129 2871 1164 2918 il
1197 2872 1328 2918 avait
1350 2871 1506 2918 rendu
1530 2871 1711 2918 service
1735 2871 1765 2913 a
1786 2881 1868 2914 son
1891 2864 2106 2930 general,

1129 2937 1168 2985 il
1194 2937 1393 2985 desii-ait
1416 2940 1486 2985 soi
1514 2938 1613 2985 &tre

1128 3004 1325 3067 general
1344 3000 1741 3063 sur-le-champt

1131 3074 1161 3115 a
1186 3069 1396 3132 laquelle
1421 3069 1638 3117 fonction

1127 3135 1179 3183 la
1198 3145 1425 3194 conte-ame
1456 3135 1538 3184 des
1560 3137 1778 3183 aneetros

1129 3215 1158 3248 a
1180 3202 1325 3249 laisse
1344 3218 1409 3249 un
1430 3204 1522 3263 age
1539 3202 1738 3261 certain,

1128 3282 1224 3315 une
1246 3269 1428 3316 chance
1457 3268 1740 3315 ineertaine.

1125 3334 1263 3381 Ainsi
1289 3348 1377 3397 par
1401 3348 1454 3381 sa
1472 3332 1616 3382 chute
1635 3327 1950 3387 tres-leurdo,

1126 3399 1286 3448 tendis
1312 3400 1431 3462 qu’il
1456 3399 1628 3447 voulut
1646 3401 1747 3447 etro
1769 3392 2030 3446 semblable

1126 3468 1157 3515 a
1176 3465 1331 3529 Cyrus
1347 3472 1397 3514 et
1412 3467 1444 3514 a
1464 3464 1757 3526 Alexandro,

1126 3533 1210 3597 qui
1232 3530 1933 3583 avaient-fourni·a·la·course

1823 3622 1885 3675 21
