2592 4084
460 324 578 385 254
1252 334 1516 381 BRUTUS.

457 458 579 510 erat
608 454 745 525 ipse,
784 455 987 507 multos
1023 465 1199 507 annos
1230 450 1287 505 in
1313 451 1497 507 studio
1527 450 1779 523 ejusdem
1818 450 1998 506 laudis
2041 455 2317 523 exercuit,

458 557 515 607 et
536 554 718 605 tecum
747 547 932 619 simul,
959 547 1105 602 sicut
1124 562 1229 619 ego
1251 562 1352 618 pro
1376 546 1588 618 multis»,
1618 545 1698 603 sic
1717 545 1813 603 ille
1829 562 1928 618 pro
1952 547 2130 619 Appio
2148 549 2318 607 Clau·

456 645 549 702 dio
576 645 732 717 dixit,
761 643 949 717 paullo
977 654 1105 700 ante
1132 650 1390 700 mortem.

524 747 679 801 LXV.
715 743 882 800 Vides
908 742 1102 815 igitur,
1132 747 1192 798 ut
1221 742 1291 797 ad
1326 746 1383 796 te
1419 746 1719 811 oratorem,
1755 744 1941 817 Brute,
1982 747 2317 816 perveneri-

456 860 602 914 muS,
620 849 738 898 tam
760 841 950 897 multis
971 843 1116 896 inter
1141 847 1393 896 nostrum
1419 846 1689 911 tuumque
1723 840 1943 897 initium
1970 841 2200 898 dicendi
2228 843 2318 898 in-

455 938 740 1013 terpositis
771 935 1123 995 oratoribus?
1158 938 1237 992 Ex
1272 936 1493 1007 quibuS,
1519 935 1781 1008 quoniam
1816 935 1874 991 in
1913 937 2022 992 hoc
2051 954 2313 996 sermone

458 1044 643 1094 nostro
675 1035 843 1093 statui
865 1033 1147 1091 neminem
1181 1050 1390 1102 eorum,
1440 1034 1537 1107 qui
1572 1033 1845 1107 viverent,
1884 1036 2198 1109 nominare,
2243 1054 2312 1094 ne

457 1149 558 1190 vos
583 1133 856 1189 curiosius
883 1128 1159 1189 eliceretis
1197 1148 1265 1188 ex
1293 1146 1407 1202 me,
1440 1132 1576 1203 quid
1613 1132 1680 1187 de
1715 1147 1935 1206 quoque
1968 1132 2309 1208 judicarem,

458 1245 575 1301 eoS,
605 1230 700 1302 qui
729 1229 847 1302 jam
883 1233 1012 1284 sunt
1033 1223 1267 1298 mortui,
1317 1226 1637 1284 nominabo.
1660 1257 1733 1268 —
1756 1230 1896 1283 Tum
1933 1231 2158 1300 BrutuS,
2191 1233 2315 1287 Non

460 1333 559 1399 est,
589 1327 787 1399 inquit,
827 1326 934 1382 ista
970 1341 1160 1395 causa,
1191 1340 1359 1399 quam
1398 1323 1556 1394 dicis,
1587 1325 1948 1397 quamobrem
1986 1327 2055 1383 de
2090 1327 2181 1399 iis,
2213 1329 2312 1401 qui

458 1427 667 1498 vivunt,
712 1424 855 1481 nihil
892 1423 1031 1480 velis
1073 1423 1279 1480 dicere.
1310 1424 1661 1491 —Quaenam
1687 1422 1878 1495 igitur,
1905 1423 2158 1496 inquam,
2187 1427 2318 1483 est?

463 1554 525 1565 —
554 1522 748 1578 Vereri
786 1528 860 1593 te,
907 1521 1107 1593 iuquit,
1149 1519 1412 1590 arbitror,
1452 1535 1522 1576 ne
1550 1535 1653 1591 per
1679 1536 1780 1575 uos
1817 1521 1908 1577 hic
1950 1538 2137 1579 sermo
2181 1529 2316 1580 tuus

460 1625 699 1682 emanet,
733 1622 789 1674 et
823 1616 864 1671 ii
893 1616 998 1671 tibi
1033 1620 1411 1686 succenseant,
1458 1631 1596 1687 quos
1640 1616 1998 1687 praeterieris.
2026 1647 2098 1660 —-·
2127 1618 2313 1685 Quid?

460 1732 578 1782 vos,
604 1713 853 1787 inquam,
892 1717 1079 1769 tacere
1115 1728 1225 1768 non
1255 1710 1552 1784 poteritis?
1581 1743 1653 1753 —
1679 1714 1791 1769 Nos
1819 1712 2065 1785 quidem,
2105 1713 2309 1787 inquit,

460 1813 755 1885 facillime,
778 1813 878 1869 sed
897 1818 1084 1868 tamen
1117 1816 1172 1866 te
1207 1809 1445 1869 arbitmr
1470 1809 1635 1866 malle
1673 1809 1857 1881 ipsum
1887 1816 2099 1883 tacere,
2133 1828 2306 1884 quam

461 1910 894 1968 taciturnitatem
916 1913 1161 1964 nostram
1185 1906 1443 1980 experiri.
1463 1937 1526 1948 —
1558 1910 1697 1963 Tum
1721 1923 1846 1980 ego,
1867 1909 2027 1977 Vere,
2056 1908 2306 1981 inquam,

458 2119 575 2154 mon
596 2103 866 2153 emulation
888 2104 1003 2151 bien
1028 2102 1110 2152 des
1131 2104 1312 2151 anneee
1336 2103 1456 2151 d’un
1474 2103 1664 2167 penible
1685 2104 1917 2153 exercice.
1942 2103 2108 2165 Enfln,
2135 2120 2229 2168 peu
2251 2107 2311 2155 de

457 2204 614 2261 temps
641 2203 789 2246 avant
810 2212 866 2245 sa
887 2204 1032 2259 mort,
1066 2196 1104 2244 il
1135 2210 1166 2243 a
1192 2195 1355 2259 plaide
1386 2211 1500 2245 avec
1530 2211 1652 2245 vous
1680 2211 1804 2260 pour
1828 2197 2018 2259 Appius
2047 2197 2302 2261 Claudius,

459 2304 645 2340 comme
665 2288 717 2354 je
736 2289 821 2337 l’ei
842 2289 933 2338 fait
955 2289 1237 2338 moi-meme
1257 2302 1383 2351 pour
1405 2288 1653 2350 beaucoup
1675 2287 1904 2337 d’autres.

524 2384 681 2435 LXV.
704 2385 842 2434 Vous
861 2398 1031 2447 voyez‚
1052 2384 1251 2440 Brutus,
1274 2388 1519 2432 comment
1536 2381 1657 2431 dans
1679 2388 1801 2431 cette
1820 2397 1966 2431 revue
1983 2381 2066 2431 des
2086 2390 2310 2434 orateurs

458 2494 585 2528 nous
616 2494 822 2528 commeo
851 2480 1032 2528 arrives
1058 2478 1258 2542 jusqu’h
1285 2492 1427 2527 vous.
1452 2475 1701 2526 Toutefois
1727 2476 1980 2539 beaucoup
2008 2475 2069 2526 de
2091 2491 2235 2526 nome
2258 2492 2310 2526 ne

458 2572 653 2633 placent
689 2578 825 2621 entre
858 2586 960 2620 mes
990 2571 1164 2620 debuts
1199 2575 1247 2619 et
1274 2571 1346 2618 les
1380 2571 1561 2618 voti-ee.
1598 2568 1796 2620 Comme
1828 2568 1917 2632 j’ai
1952 2570 2118 2619 resolu
2152 2569 2213 2618 de
2248 2585 2311 2620 ne

459 2674 682 2709 nommer
706 2661 828 2710 dans
849 2669 927 2710 cet
949 2660 1184 2709 entretien
1209 2674 1369 2707 aucun
1391 2658 1586 2707 homme
1607 2661 1799 2719 vivant,
1835 2660 1894 2709 de
1918 2677 2036 2726 peur
2057 2675 2151 2724 que
2175 2670 2310 2710 votre

459 2753 688 2803 curiosius
706 2768 769 2803 ne
783 2768 863 2802 me
881 2753 1014 2801 force
1037 2754 1066 2799 ὲ
1090 2752 1193 2799 dire
1215 2766 1269 2799 ce
1291 2764 1386 2813 que
1401 2750 1454 2814 je
1473 2765 1618 2813 pense
1638 2752 1697 2800 de
1716 2752 1927 2816 chacun,
1951 2754 2003 2817 je
2020 2755 2232 2816 perlerai
2250 2753 2311 2801 de

458 2859 582 2895 ceux
600 2844 686 2907 qui
708 2860 770 2893 ne
791 2851 902 2894 cont
922 2846 1123 2908 plus.—
1136 2843 1273 2892 Vous
1290 2856 1355 2891 ne
1371 2857 1497 2891 noue
1508 2842 1629 2893 dites
1650 2861 1752 2909 pus,
1775 2847 2085 2912 interrumpit
2101 2848 2303 2907 Brutus,

457 2937 509 2985 lu
527 2936 760 2984 veritable
782 2950 926 2985 cause
949 2937 1009 2984 de
1030 2942 1166 2984 votre
1185 2935 1365 2984 silence
1387 2952 1472 2986 sur
1491 2936 1563 2984 les
1579 2937 1792 2989 vivente.
1810 2965 1878 2978 —-
1895 2938 2065 2999 Quone
2088 2946 2162 2988 est
2180 2939 2308 2987 donc

457 3035 581 3079 cette
599 3028 833 3080 veritable
855 3026 1254 3079 camd—Vens
1276 3031 1504 3094 croignez
1518 3046 1632 3079 sens
1654 3031 1801 3081 doute
1824 3047 1917 3093 que
1937 3047 2062 3082 noun
2089 3047 2151 3080 ne
2177 3040 2309 3080 met-

457 3124 588 3172 tiens
613 3121 662 3170 le
682 3121 848 3186 public
871 3121 993 3170 dane
1019 3121 1072 3170 la
1093 3120 1372 3171 confidence
1395 3122 1456 3173 de
1478 3137 1563 3172 vos
1588 3123 1810 3172 discours
1824 3160 1838 3186 ,
1873 3132 1923 3175 et
1947 3139 2041 3187 que
2062 3139 2190 3173 ceux
2213 3139 2308 3187 que

456 3228 576 3263 vous
602 3227 749 3262 aures
769 3216 896 3263 omis
916 3215 1029 3263 n’en
1053 3215 1338 3279 conceivent
1359 3217 1427 3266 du
1450 3217 1807 3268 assentiment.
1828 3244 1892 3256 —-
1915 3218 1991 3267 Eh
2015 3217 2156 3281 quoi!
2183 3232 2308 3266 vous

457 3320 518 3355 ne
538 3320 741 3370 pourrez
761 3321 848 3370 pas
870 3321 993 3355 vous
1015 3306 1170 3357 taire?
1188 3335 1255 3345 —
1273 3308 1406 3358 Pour
1421 3324 1563 3372 nous,
1586 3310 1692 3358 rien
1709 3310 1768 3358 de
1789 3309 1898 3373 plus
1917 3309 2084 3367 facile3
2112 3309 2239 3357 mais
2253 3310 2307 3371 je

456 3414 601 3463 pense
628 3415 726 3464 que
749 3415 869 3450 vous
893 3400 1048 3450 aimez
1074 3401 1241 3451 mieux
1265 3417 1388 3451 vous
1416 3401 1540 3452 taire
1566 3404 1900 3459 vous-meme,
1932 3416 2026 3465 que
2049 3401 2108 3449 de
2130 3408 2308 3450 mettre

456 3499 597 3543 notre
619 3493 879 3545 discretim
908 3498 938 3544 ὲ
960 3497 1219 3561 l’epreuve.
1244 3520 1313 3532 -
1332 3497 1394 3547 Je
1417 3496 1707 3553 Pavonem,
1738 3510 1854 3545 mon
1880 3494 1995 3545 cher
2021 3496 2224 3554 Brutus,
2250 3493 2307 3556 je
