2592 4084
323 435 467 498 eujus
490 437 576 484 ille
592 443 696 485 erat
716 439 951 502 princeps,

328 504 400 550 vel
425 504 638 549 maxime
658 520 671 549 ι

324 569 638 630 significabat
658 568 785 617 enim

327 649 425 681 non
447 635 606 681 solum
624 633 947 698 prudentiam,

326 700 414 747 sed
440 699 602 759 fidem,
923 700 1062 762 [rem.

327 765 457 826 quod
523 767 800 813 continebat
857 764 1068 813 maxime

324 832 549 879 Habebat
580 848 611 878 a
630 844 805 879 natura
831 832 937 892 ipsa
952 830 1062 887 hoo,

325 898 455 960 quod
473 914 571 946 non
592 908 752 961 posset
773 898 914 945 facile

325 979 356 1010 a
379 964 628 1021 doctrina3

324 1044 605 1093 quanquam
626 1034 743 1077 sunt
758 1034 993 1091 praecepta

324 1095 473 1158 huju's
494 1097 564 1144 rei
585 1096 742 1157 ipsius
760 1110 964 1157 quoque,

324 1161 733 1223 quemadmodum
758 1161 869 1208 scis.

326 1228 452 1276 Sunt
471 1235 519 1276 et
538 1228 782 1277 orationes
807 1225 976 1290 hujus,

325 1303 373 1339 et
391 1302 490 1340 tres
506 1293 622 1341 libri
647 1293 710 1341 ad
730 1292 787 1341 L.
818 1292 1066 1341 Fufidium

326 1360 492 1422 scripti
532 1359 590 1406 de
616 1362 716 1407 vita
741 1360 898 1421 ipsius
935 1365 1062 1417 acta,

326 1438 443 1471 sane
461 1425 623 1483 utiles,
658 1476 667 1480 ,

326 1506 447 1552 quos
474 1505 615 1538 nemo
635 1490 758 1553 legit
784 1504 798 1536 ε

325 1568 379 1604 at
395 1559 568 1619 legunt
588 1557 736 1603 vitam

324 1629 376 1671 et
407 1622 710 1685 disciplinam
732 1620 869 1684 Cyri,

322 1689 608 1752 praeclaram
631 1689 769 1735 illam
789 1687 1006 1749 quidem,

325 1755 411 1803 sed
432 1769 587 1816 neque
606 1762 707 1802 tam
730 1763 891 1817 aptam

324 1821 510 1869 nostris
529 1821 693 1878 rebus,

323 1901 418 1935 nec
438 1895 600 1933 tamen
622 1884 1004 1947 anteponendam

323 1951 560 2000 laudibus
582 1951 769 1999 Scauri.

323 2017 551 2067 Fufidius
573 2018 676 2079 ipse
697 2016 791 2063 fuit
813 2017 960 2064 etiam

324 2087 385 2132 in
409 2083 574 2144 aliquo
615 2096 817 2129 numero

324 2154 668 2213 patronorum.

395 2214 559 2264 XXX.
598 2213 813 2262 Rutilius
835 2218 997 2261 autem

327 2287 554 2329 versatus
577 2289 653 2328 est

326 2346 383 2394 in
408 2346 617 2409 quodam
645 2360 822 2410 genere
844 2343 1040 2393 dicendi

327 2414 456 2460 tristi
480 2420 528 2460 et
547 2426 739 2460 sever0=

331 2485 382 2526 et
397 2488 602 2540 uterque

327 2543 585 2592 vehemens
604 2552 653 2594 et
672 2559 782 2593 aoer
800 2550 996 2592 natura.

329 2609 501 2673 Itaque

332 2690 482 2738 quum
503 2676 783 2737 petivissent

331 2742 637 2791 consulatum
664 2757 781 2801 una,

332 2823 431 2856 non
454 2809 610 2855 solum
637 2807 739 2863 ille,

332 2875 417 2936 qui
440 2875 621 2921 tulerat
642 2874 905 2934 repulsam,

332 2941 581 2988 accusavit
597 2940 811 2987 ambitus

332 3007 694 3069 competitorem
741 3005 1071 3067 designatum,

331 3072 418 3119 sed
438 3072 585 3120 etiam
610 3072 821 3120 Scaurus

332 3138 590 3186 absolutus

331 3206 525 3253 vocavit
556 3203 797 3252 Rutilium

333 3269 388 3316 in
407 3269 673 3331 Judicium.
745 3283 748 3287 ’

333 3334 551 3383 Rutilius
578 3337 672 3382 suit

334 3402 588 3463 multaque
605 3414 767 3462 opera,

334 3466 589 3528 multaque
609 3464 876 3524 industria3

1109 322 1374 368 BRUTUS.
2057 314 2080 367 l
2096 313 2168 366 19

1040 470 1045 478 .
1117 434 1235 481 dont
1260 436 1297 481 il
1323 435 1438 481 e'tait
1461 435 1640 496 prince,

1118 505 1154 547 il
1178 505 1408 548 convenait
1429 506 1583 550 meme
1604 503 1851 564 beaucoup
1874 517 1888 549 e

1118 582 1200 614 car
1233 568 1271 614 il
1305 569 1565 631 annoncait

1119 634 1515 681 non-seulement
1535 634 1605 681 les
1627 633 1873 693 lumieres,

1119 699 1445 748 mais-encore
1465 701 1516 747 la
1529 699 1801 756 bonne-foi,

1121 780 1174 813 ce
1193 767 1275 828 qui
1299 765 1581 813 renfermait
1607 773 1799 813 surtout
1815 768 1866 813 la
1887 765 2049 813 chose.

1119 831 1163 880 11
1185 831 1338 880 tenait
1360 831 1489 879 dela
1505 838 1678 879 nature
1700 834 1852 878 meme
1875 832 1995 889 cela,

1121 898 1241 959 qu’il
1265 899 1478 945 n’aurait
1510 913 1576 959 pu
1598 897 1872 945 facilement

1120 973 1382 1024 emprunter
1414 965 1446 1011 a
1473 964 1609 1019 l'art3

1122 1030 1358 1093 quoiqu’il
1386 1045 1421 1093 y
1446 1031 1517 1079 ait
1540 1028 1623 1077 des
1640 1030 1880 1091 preceptes

1121 1111 1245 1158 pour
1267 1103 1390 1144 cette
1414 1094 1559 1144 chose
1581 1097 1737 1143 meme
1760 1094 1911 1152 aussi,

1121 1164 1359 1224 ainsi-que
1381 1171 1436 1210 tu
1460 1163 1505 1209 le
1532 1161 1647 1208 sais.
1933 1163 1948 1180 ²*

1119 1225 1165 1275 11
1184 1229 1335 1276 existe
1354 1229 1485 1275 aussi
1512 1228 1596 1275 des
1617 1227 1835 1274 discours
1865 1224 1925 1273 de
1947 1221 2167 1283 celui-ci,

1119 1301 1167 1341 et
1189 1298 1307 1341 trois
1332 1294 1478 1341 livres
1500 1295 1530 1341 a
1551 1292 1609 1341 L.
1635 1290 1856 1341 Fufidius

1119 1361 1263 1407 ecrite
1283 1375 1367 1406 sur
1390 1360 1440 1407 la
1465 1362 1542 1406 vie
1562 1359 1618 1406 de
1638 1359 1712 1406 lui
1731 1358 1914 1420 passee‚

1119 1427 1464 1473 certainement
1482 1420 1643 1484 utiles,

1120 1505 1214 1553 que
1234 1506 1472 1553 personne
1493 1506 1557 1537 ne
1576 1491 1657 1556 lit3

1121 1559 1246 1604 mais
1267 1571 1329 1603 on
1357 1558 1416 1604 lit
1432 1557 1482 1604 la
1509 1557 1585 1602 vie

1122 1630 1170 1669 et
1187 1622 1478 1670 l’education
1500 1622 1557 1669 de
1579 1622 1752 1683 Cyrus,

1121 1688 1375 1737 fort-belle
1408 1689 1499 1736 elle
1521 1688 1836 1744 assur-eruent,

1121 1755 1244 1803 mais
1267 1755 1321 1802 ni
1346 1760 1519 1802 autaut
1543 1754 1822 1817 appropries

1121 1823 1151 1869 a
1183 1836 1274 1868 nos
1311 1835 1510 1879 moeurs,

1092 1926 1105 1932 -
1121 1888 1176 1934 ni
1203 1894 1435 1949 pourtant
1455 1884 1722 1948 preferable

1124 1967 1224 2000 aux
1247 1953 1439 2000 merites
1464 1952 1522 1999 de
1543 1951 1772 2001 Scaurus.

1124 2018 1346 2067 Fufidius
1380 2019 1628 2065 lui-meme
1648 2016 1724 2064 fut
1746 2015 1877 2064 aussi

1126 2084 1248 2132 daus
1267 2084 1473 2147 quelque
1491 2086 1659 2132 estime

1125 2151 1623 2213 pax-mi·les·avocat.s.⁴

1191 2214 1352 2264 XXX.
1379 2216 1505 2264 Mais
1527 2217 1742 2265 Rutilius

1126 2282 1360 2329 s’adonna

1127 2349 1159 2395 a
1175 2348 1360 2396 certain
1379 2362 1530 2410 genre
1556 2348 1764 2397 oratoire

1127 2414 1320 2460 serieux
1344 2421 1392 2460 et
1417 2415 1607 2462 austere
1632 2432 1646 2461 ι

1127 2486 1177 2527 et
1197 2480 1565 2529 Pan-et-l'autre
1589 2479 1822 2540 (Rutilius
1846 2483 1894 2524 et
1926 2473 2173 2537 Scaurus),

1126 2545 1382 2593 vehement
1397 2554 1445 2594 et
1467 2548 1629 2594 anime
1652 2544 2042 2594 naturellement.

1127 2612 1529 2674 C'est-pourquoi

1127 2692 1315 2725 comme
1341 2678 1403 2725 ils
1430 2675 1823 2738 avaient-brigue

1126 2744 1175 2792 le
1207 2744 1429 2791 consulat
1454 2746 1885 2803 exi-meme-temps,

1129 2810 1515 2857 non—seulement
1533 2810 1678 2865 celui,

1128 2876 1212 2938 qui
1235 2875 1368 2923 avait
1381 2877 1588 2938 eprouve
1610 2891 1677 2923 un
1697 2875 1845 2932 refus,

1129 2956 1306 2989 accusa
1327 2942 1386 2989 de
1405 2943 1579 3005 brigue

1127 3009 1537 3069 son-competiteur
1555 3008 1751 3070 designe
1767 3043 1780 3067 ,

1128 3075 1253 3121 mais
1286 3089 1458 3121 encore
1478 3073 1686 3124 Scaurus

1129 3140 1309 3189 absous

1131 3206 1302 3268 appele.
1338 3204 1553 3253 Rutilius

1132 3285 1191 3317 en
1209 3272 1483 3332 jugement.

1131 3336 1347 3384 Rutilius
1361 3337 1437 3383 fut

1133 3410 1184 3450 et
1206 3402 1352 3449 d’uue
1373 3401 1559 3465 grande
1576 3402 1879 3465 occupatiori,

1136 3475 1185 3515 et
1216 3467 1361 3514 d‘une
1384 3468 1568 3530 grande
1590 3468 1784 3516 activite
