2592 4084
455 375 570 427 344
1243 386 1500 433 BRUTUS.

516 500 812 558 LXXXVII.
853 501 984 555 Haec
1021 515 1193 573 quum
1228 500 1325 556 ille
1354 500 1623 566 dixisset,
1663 504 1838 575 Longi
1872 507 2152 561 sermonis
2187 508 2294 562 ini·

447 598 588 654 tium
608 597 917 670 pepulisti,
950 598 1213 670 inquam,
1254 600 1431 655 Attice
1447 639 1464 663 ‚
1500 616 1730 672 remque
1772 603 2117 660 commovisti
2154 622 2293 661 nova

448 693 815 765 disputatione
843 694 1088 766 dignam,
1115 710 1282 767 quam
1306 695 1364 749 in
1391 695 1545 752 aliud
1569 702 1793 768 tempus
1818 698 2157 755 differamus
2173 703 2293 758 Vol·

446 793 613 849 vendi
642 793 793 848 enim
817 799 951 851 sunt
971 792 1099 850 libri
1119 809 1293 865 quum
1316 793 1573 864 aliorum,
1596 801 1713 849 tum
1739 795 1798 850 in
1823 795 2021 867 primis
2040 798 2289 854 Catonis:

444 888 743 961 intelliges,
763 888 905 945 nihil
934 889 1085 945 illius
1113 890 1620 962 lineamentissnisi
1643 909 1836 947 eorum
1863 895 2289 967 pigmentorum,

444 1003 567 1059 quae
588 987 812 1043 inventa
835 988 1080 1044 nondum
1105 987 1507 1053 erant‚-florem
1533 994 1588 1044 et
1607 988 1848 1045 colorem
1870 990 2135 1052 defuisse.
2158 995 2292 1049 Nam

443 1083 513 1140 de
549 1086 732 1141 Crassi
763 1085 1010 1141 oratione
1045 1086 1123 1140 sic
1155 1085 1434 1156 existimo,
1460 1086 1659 1156 ipsum
1693 1085 1927 1142 fortasse
1957 1088 2161 1144 melius
2192 1104 2292 1160 po—

440 1180 617 1238 tuisse
648 1181 918 1253 scribere,
954 1182 1161 1252 alium,
1201 1186 1264 1238 nt
1295 1182 1564 1248 arbitror,
1601 1183 1903 1260 neminem.
1941 1186 2056 1240 Nec
2097 1185 2157 1240 in
2190 1184 2292 1241 hoc

440 1278 680 1334 ironiam
706 1279 908 1335 dixeris
936 1293 1080 1350 esse,
1120 1279 1269 1352 quod
1297 1294 1425 1334 eam
1455 1278 1764 1334 orationem
1793 1279 1932 1333 mihi
1964 1280 2290 1351 magistram

439 1374 612 1431 fuisse
651 1376 883 1433 dixerim
919 1395 932 1432 ε
972 1392 1102 1436 nam
1135 1376 1243 1436 ,etsi
1279 1381 1344 1432 tu
1379 1375 1581 1434 melius
1619 1376 1934 1432 existimare
1974 1377 2183 1432 videris
2223 1378 2291 1434 de

440 1491 535 1547 ea,
566 1476 614 1531 si
643 1478 1307 1549 quam¹nunc¹habemuS,
1334 1477 1631 1548 facultate3
1659 1483 1877 1550 tamen,
1907 1477 2289 1534 adolescentes

436 1572 573 1645 quid
608 1573 666 1629 in
689 1576 1132 1647 ,Latinispotius
1172 1575 1538 1640 imitaremur,
1576 1590 1686 1629 non
1728 1574 2091 1631 habebamus
2134 1575 2288 1643 Quod

437 1675 625 1726 autem
647 1672 837 1744 plures
863 1689 896 1729 a
928 1673 1085 1729 nobis
1116 1671 1386 1728 nominati
1409 1675 1565 1740 sunt,
1598 1686 1662 1726 eo
1693 1672 1960 1743 pertinuit
1988 1677 2075 1740 (ut
2100 1671 2287 1744 paullo

435 1772 561 1823 ante
599 1768 769 1840 dixi),
809 1771 963 1844 quod
993 1768 1238 1842 intelligi
1275 1767 1465 1837 volui,
1506 1768 1562 1822 in
1593 1783 1679 1838 eo,
1712 1768 1880 1839 cujus
1906 1785 2100 1824 omnes
2128 1767 2283 1838 cupi-

436 1861 647 1917 dissimi
683 1871 898 1936 essent,
931 1882 1098 1937 quam
1126 1863 1475 1938 pauci-digni
1500 1863 1722 1918 nomine
1749 1863 2074 1919 evaderent.
2105 1864 2282 1930 Quare

495 2160 793 2211 LXXXVII.
821 2159 1035 2226 Lorsque
1060 2162 1253 2212 Atticus
1283 2170 1366 2212 ent
1387 2162 1477 2213 fini
1510 2165 1568 2214 de
1594 2165 1758 2228 parler
1783 2181 1796 2211 t
1827 2162 1971 2212 Vnus
1997 2177 2143 2212 venez
2164 2198 2176 2221 ‚
2209 2163 2285 2212 lui

430 2257 595 2322 dis-je,
621 2258 890 2307 d’entamer
907 2259 1107 2323 le-quet
1127 2260 1260 2312 d'un,
1273 2262 1395 2324 long
1412 2260 1656 2312 ⁴elatretien
1671 2295 1684 2319 ,
1719 2266 1767 2309 et
1791 2259 1998 2308 d’elever
2016 2275 2111 2308 nne
2134 2274 2285 2321 ques-

428 2355 533 2405 tion
565 2357 649 2420 qui
674 2357 941 2406 meriterait
964 2373 1061 2406 une
1093 2357 1366 2406 discussion
1401 2364 1537 2406 toute
1565 2358 1809 2406 nouvelle.
1844 2356 1976 2406 Nous
2010 2356 2060 2403 la
2096 2363 2284 2404 remet-

427 2464 565 2507 trons
596 2462 628 2508 ὲ,
651 2475 720 2508 un
740 2467 879 2510 autre
900 2467 1073 2523 tempe.
1099 2460 1143 2508 Il
1167 2461 1275 2508 faut
1304 2459 1416 2523 lit-e,
1447 2474 1507 2510 en
1542 2459 1676 2517 effet,
1710 2461 1782 2507 les
1811 2472 2041 2520 ouvrages
2069 2457 2153 2505 des
2178 2473 2284 2506 an-

427 2559 559 2607 ciens
576 2594 588 2616 ,
625 2567 673 2609 et
698 2568 892 2609 sui-tout
916 2560 973 2607 de
996 2560 1179 2625 Caton3
1203 2575 1326 2608 vous
1348 2573 1516 2607 verrez
1539 2559 1662 2621 qu'il
1685 2574 1747 2606 ne
1772 2570 1978 2618 manque
1997 2555 2106 2603 rien
2133 2557 2163 2602 a
2189 2570 2282 2604 son

426 2654 616 2715 dessin,
645 2657 689 2704 si
711 2659 920 2706 cem’est
940 2670 1036 2706 me
1056 2660 1206 2705 teinte
1234 2657 1346 2719 plus
1373 2657 1623 2714 brillante,
1653 2663 1702 2704 et
1728 2663 1851 2704 cette
1876 2653 1998 2704 fleur
2016 2654 2076 2701 de
2099 2655 2280 2704 eoloris

425 2751 546 2801 dont
568 2767 632 2801 on
655 2754 838 2801 n’avait
867 2768 952 2817 pas
977 2768 1149 2800 encore
1174 2754 1219 2800 le
1243 2762 1415 2801 secret.
1443 2754 1608 2815 Quant
1636 2769 1700 2802 au
1725 2752 1948 2801 discours
1970 2752 2030 2799 de
2051 2751 2274 2809 Crassus,

417 2851 468 2914 Je
492 2864 638 2913 pense
657 2864 749 2911 que
771 2850 1031 2897 lui-meme
1051 2849 1250 2912 pouvait
1272 2852 1507 2912 peut-&tre
1529 2850 1717 2898 l’eerire
1739 2864 1912 2897 encore
1935 2850 2127 2903 mienx,
2153 2849 2276 2895 mais

420 2962 514 3011 que
544 2948 618 2995 lui
650 2947 756 2995 seul
784 2962 844 2995 en
878 2948 999 2996 etait
1025 2947 1247 3009 capable3
1285 2953 1333 2994 et
1364 2947 1530 3010 quand
1554 2948 1605 3010 je
1632 2947 1710 2994 dis
1745 2962 1837 3009 que
1868 2953 1993 2994 cette
2024 2945 2277 3006 han-angue

418 3044 519 3092 m’a
537 3044 678 3094 ‹eervi
706 3043 764 3092 de
790 3044 1006 3106 modele,
1035 3058 1095 3091 ne
1118 3058 1291 3108 eroyez
1320 3059 1528 3108 pesque
1553 3059 1607 3093 ce
1632 3044 1728 3091 soit
1751 3058 1850 3090 nne
1874 3044 2047 3091 ironie.
2078 3039 2129 3090 Si
2154 3056 2277 3089 vous

420 3156 534 3191 avez
558 3156 654 3190 une
679 3142 931 3190 meilleure
962 3142 1068 3190 idee
1091 3142 1345 3191 du·telent
1371 3156 1464 3205 qne
1495 3143 1545 3202 je
1569 3141 1839 3205 puiszavoir
1860 3139 2209 3203 aujourd’hui‚
2235 3140 2276 3187 il

417 3244 530 3290 n’en
563 3247 635 3288 est
657 3256 742 3303 pas
768 3240 928 3290 moins
955 3241 1060 3289 vrai
1085 3256 1177 3304 que
1199 3240 1321 3288 dans
1353 3254 1434 3287 ma
1460 3239 1684 3301 jeunesse
1705 3237 2009 3299 l’kloquence
2031 3236 2189 3283 latine
2215 3250 2278 3283 ne

416 3335 649 3385 m’offrait
675 3338 781 3384 rien
804 3337 1054 3385 cle-mieux
1073 3339 1106 3383 a
1126 3336 1309 3395 imiter.
1324 3335 1374 3385 Si
1392 3336 1482 3398 j’ai
1506 3334 1698 3383 nomme
1723 3349 1792 3380 un
1816 3334 1856 3381 si
1878 3331 2040 3396 grand
2069 3332 2279 3381 nombre

417 3430 475 3478 de
502 3447 846 3495 personnage5‚
869 3432 923 3496 je
942 3433 1028 3481 l’ai
1051 3432 1123 3480 dit
1145 3440 1254 3481 tout
1277 3435 1309 3480 ὲ
1328 3432 1514 3480 l'heure
1534 3452 1548 3483 t
1579 3432 1698 3477 c’est
1726 3444 1819 3491 que
1838 3429 1891 3491 je
1911 3427 2100 3475 voulais
2130 3442 2274 3475 mon-

416 3528 513 3571 tter
537 3528 755 3575 combien
773 3565 787 3591 ,
815 3528 936 3577 dans
957 3545 1055 3578 une
1085 3531 1289 3578 enrriene
1317 3530 1384 3576 01'1
1414 3535 1523 3576 tous
1553 3533 1639 3573 ont
1671 3524 1973 3574 ambitionne
2002 3523 2054 3570 la
2080 3523 2271 3585 gloire,
