2592 4084
466 264 581 319 368
1245 271 1517 323 BRU'rus·

473 381 476 388 ’
532 390 700 445 XCII.
723 389 840 443 Duo
863 395 983 443 tum
1010 389 1354 445 excellebant
1381 395 1643 463 oratore8‚
1683 389 1779 463 qni
1804 406 1894 446 me
1919 390 2175 446 imitandi
2203 407 2297 446 cu-

463 479 690 554 piditate
717 480 1028 551 incitarent,
1050 482 1205 537 Cotta
1232 486 1289 536 et
1313 481 1636 547 Hortensius
1659 497 1928 553 :quorum
1945 482 2086 538 alter
2110 484 2306 557 remis-

462 589 580 643 suS,
606 578 664 627 et
688 571 850 643 lenis,
876 579 931 628 et
949 574 1185 645 propriis
1211 574 1398 630 verbis
1421 574 1896 647 comprehendens
1920 574 2099 632 solute
2131 581 2186 630 et
2217 576 2298 631 fa-

461 663 569 720 cile
604 664 965 735 sententiam;
1014 665 1154 720 alter
1191 671 1439 736 ornatuS,
1475 681 1624 737 acer,
1663 673 1718 720 et
1761 680 1871 720 non
1897 664 2049 733 talis,
2079 666 2302 737 qualem

460 759 524 809 tu
566 770 716 825 eum,
762 757 947 826 Brute,
986 754 1103 827 jam
1130 755 1582 813 deflorescentem
1609 757 1937 828 cognovisti,
1973 758 2074 814 sed
2102 759 2303 815 verbo-

460 864 585 903 rum
626 853 681 903 et
716 848 943 903 actionis
977 866 1182 920 genere
1223 851 1568 907 commotior.
1621 853 1811 923 Itaque
1848 867 1975 907 cum
2001 854 2301 910 Hortensio

461 940 600 996 mihi
642 942 821 1012 magis
857 940 1162 997 arbitrabar
1208 958 1325 998 rem
1373 960 1515 1015 esse,
1561 943 1709 1016 quod
1747 949 1801 999 et
1842 945 2062 1001 dicendi
2101 945 2302 1002 ardore

459 1050 615 1091 eram
641 1035 885 1107 propior,
924 1040 979 1089 et
1011 1040 1174 1090 aetate
1217 1035 1579 1107 conjunctior.
1603 1036 1819 1093 Etenim
1845 1037 2096 1094 videram
2124 1039 2182 1094 in
2208 1041 2305 1096 iis·

462 1128 588 1184 dem
621 1127 824 1197 causiS‚
859 1134 921 1183 ut
957 1144 1057 1199 pro
1093 1130 1169 1184 M.
1210 1129 1497 1199 Canuleio,
1538 1145 1637 1201 pro
1666 1133 1764 1186 Cn.
1791 1129 2077 1187 Dolabella
2102 1148 2302 1189 consu-

459 1224 585 1293 lari,
621 1239 791 1295 quum
830 1224 986 1279 Cotta.
1029 1224 1281 1295 princeps
1327 1224 1606 1280 adhibitus
1651 1230 1814 1294 esset,
1855 1224 2071 1296 priores
2115 1231 2303 1281 tamen

459 1332 628 1389 agere
654 1321 843 1389 partes
868 1318 1245 1372 Hortensium.
1275 1320 1471 1373 Acrem
1499 1318 1646 1373 enim
1667 1322 1962 1383 oratorem,
1988 1318 2298 1389 incensum,

461 1414 517 1463 et
543 1412 822 1479 agentem,
861 1416 916 1464 et
953 1422 1237 1480 canorum,
1268 1424 1563 1464 concursus
1596 1410 1885 1465 hominum
1908 1408 2130 1480 forique
2155 1415 2298 1466 stre—

459 1501 607 1572 pitus
634 1499 931 1557 desiderat.
969 1501 1154 1556 Unum
1186 1501 1356 1572 igitur
1386 1517 1612 1569 annum,
1643 1517 1815 1574 quum
1845 1501 2210 1557 rediissemus
2237 1519 2301 1558 ex

458 1592 606 1662 Asia,
653 1607 847 1648 causas
880 1592 1095 1649 nobiles
1123 1593 1359 1665 egimuS,
1389 1612 1557 1667 quum
1581 1599 1915 1667 quaesturam
1955 1611 2076 1661 nos»,
2104 1611 2301 1653 consu·-

458 1682 632 1737 latum
670 1685 845 1754 Cotta,
906 1684 1224 1741 aedilitatem
1265 1691 1479 1757 peteret
1529 1688 1872 1742 Hortensius,
1924 1688 2156 1743 Interim
2208 1705 2296 1745 me

457 1782 791 1847 quaestorem
813 1777 1118 1832 Siciliensis
1147 1778 1361 1850 excepit
1387 1794 1598 1852 annus3
1625 1779 1780 1835 Cotta
1805 1794 1870 1835 ex
1899 1777 2193 1837 consulatu
2217 1786 2299 1837 est

523 1998 674 2049 XCII.
714 1997 857 2046 Deux
887 2005 1105 2047 orateurs
1148 1999 1436 2048 excellaient
1474 2000 1621 2058 alors,
1656 1999 1798 2049 Cotta
1836 2009 1885 2049 et
1911 2001 2218 2060 Hortensius,
2249 2011 2296 2052 et

456 2089 589 2137 leurs
612 2087 773 2135 succes
792 2085 1080 2133 allumaient
1106 2100 1166 2134 en
1196 2089 1296 2135 moi
1325 2088 1374 2135 la
1405 2088 1516 2150 plus
1533 2088 1643 2135 vive
1676 2088 1962 2137 emulation.
1993 2089 2061 2137 Le
2094 2091 2294 2152 premier

455 2175 591 2223 doux
614 2180 662 2221 et
683 2172 900 2230 ceulam,
922 2175 1180 2237 exprimait
1197 2189 1313 2222 avec
1341 2180 1534 2224 aisance
1550 2183 1599 2224 et
1618 2175 1801 2224 facilite
1829 2176 1912 2224 des
1936 2179 2132 2240 peusees
2158 2181 2297 2227 reve-

456 2270 561 2312 tues
581 2262 638 2310 de
654 2261 969 2324 l’expression
1000 2261 1051 2310 la
1083 2262 1193 2325 plus
1211 2264 1478 2322 naturelle;
1503 2264 1698 2326 l'eutre,
1727 2265 1844 2312 orne
1874 2270 1925 2313 et
1946 2264 2076 2327 plein
2096 2265 2154 2312 de
2186 2266 2292 2324 feu,

457 2353 627 2400 n'etait
657 2364 744 2414 pas
776 2351 843 2398 tel
865 2365 959 2413 que
986 2365 1107 2399 vous
1134 2351 1286 2400 l'avez
1329 2367 1507 2407 counn,
1533 2352 1732 2408 Brutus,
1755 2350 1865 2413 deja
1882 2365 1967 2398 sur
1991 2350 2037 2398 le
2050 2349 2204 2422 declin
2230 2351 2293 2399 de

453 2458 546 2493 son
569 2443 724 2492 taient
751 2458 765 2490 ε
790 2442 828 2490 il
850 2442 981 2491 avait
1003 2457 1070 2490 un
1094 2448 1201 2491 tout
1222 2448 1360 2490 autre
1372 2448 1677 2490 mouvement
1697 2449 1745 2490 et
1765 2442 1824 2490 de
1846 2440 1965 2502 style
1986 2447 2034 2487 et
2051 2439 2286 2489 d'sction.

382 2529 396 2543 ”
454 2533 498 2582 11
533 2548 611 2581 me
630 2533 816 2582 semble
846 2530 972 2579 donc
995 2545 1088 2594 que
1104 2532 1267 2579 c'etait
1285 2537 1477 2580 surtout
1507 2536 1673 2579 contre
1695 2529 1975 2579 Hortensius
1997 2541 2091 2588 que
2107 2528 2291 2591 j‘avais

452 2623 486 2669 a
517 2621 836 2685 lutter,parce
858 2633 951 2682 que
967 2617 1130 2667 c'etait
1142 2618 1200 2666 de
1225 2618 1296 2666 lui
1317 2634 1408 2681 que
1424 2634 1542 2668 mon
1563 2621 1671 2683 age,
1695 2625 1744 2668 et
1763 2618 1816 2667 la
1834 2615 2029 2665 ehaleur
2051 2615 2141 2678 qui
2165 2619 2292 2667 m’a-

453 2708 630 2757 nimait
667 2722 727 2756 en
779 2707 989 2770 pulsnt,
1029 2719 1106 2752 me
1148 2705 1517 2768 rapprochaient
1548 2705 1839 2768 davantage.
1888 2703 1920 2753 J
1925 2718 1951 2751 e
1986 2705 2291 2767 remarquais

452 2795 584 2843 aussi
603 2808 697 2857 que
717 2793 837 2841 dans
856 2792 927 2841 les
944 2806 1113 2840 causes
1128 2793 1192 2840 ou
1207 2797 1257 2855 je
1274 2792 1345 2839 les
1367 2792 1502 2841 avais
1520 2805 1610 2841 vus
1618 2791 1803 2855 plaider
1817 2791 2080 2850 ensemble,
2105 2807 2287 2842 comme

452 2882 573 2930 celle
612 2880 672 2930 de
705 2880 776 2929 M.
800 2879 1063 2930 Canuleius
1083 2884 1132 2927 et
1154 2880 1275 2928 celle
1297 2879 1368 2928 du
1398 2881 1674 2930 consuluire
1696 2880 1968 2942 Dolabella,
1999 2880 2285 2929 Hortensius

449 2968 585 3021 avait
620 2968 844 3033 toujours
873 2965 1047 3031 rempli
1069 2967 1116 3015 le
1140 2966 1346 3030 premier
1373 2969 1495 3031 tole,
1531 2968 1740 3031 quoique
1776 2968 1920 3017 Cotta
1940 2969 2025 3016 eut
2040 2969 2111 3015 ete
2132 2966 2284 3018 choisi

451 3071 639 3106 comme
664 3055 904 3120 principal
925 3054 1195 3104 defensent.
1227 3055 1356 3105 C’est
1376 3056 1556 3119 qu'une
1578 3056 1763 3120 grande
1780 3057 1988 3105 reunion
2019 3054 2286 3106 d'hommes

447 3159 497 3196 et
517 3148 565 3196 le
587 3147 747 3195 fraces
770 3144 836 3193 du
869 3145 1077 3193 barreau
1096 3145 1388 3194 demandent
1409 3160 1479 3193 un
1502 3152 1696 3194 orateur
1730 3146 1904 3194 ardent
1929 3153 1979 3193 et
2007 3144 2280 3208 passionne,

447 3248 544 3284 une
575 3234 737 3282 action
770 3232 892 3282 forte
935 3239 983 3281 et
1022 3248 1119 3281 une
1160 3233 1269 3282 voix
1312 3249 1501 3282 sonore.
1536 3233 1758 3282 Pendant
1783 3234 1975 3281 l’annee
2012 3234 2096 3295 qui
2137 3232 2285 3281 suivit

446 3336 564 3371 mon
588 3330 751 3371 retour
777 3321 958 3380 d’Asis,
984 3322 1035 3385 je
1071 3322 1150 3370 fus
1171 3322 1352 3385 charge
1388 3322 1449 3370 de
1470 3322 1706 3384 plusieurs
1735 3337 1903 3372 causes
1940 3324 2279 3386 importantes.

439 3391 507 3461 «Ie
531 3407 782 3461 sollicitais
804 3410 932 3460 alors
968 3410 1018 3459 la
1039 3417 1279 3474 questure,
1305 3411 1447 3461 Cotta
1478 3412 1525 3459 le
1567 3411 1806 3472 consulat,
1831 3411 2121 3460 Hortensius
2142 3410 2281 3461 l’edi-
