2592 4084
509 294 619 347 174
1303 303 1568 347 isaurus,

501 423 769 492 magistra
786 420 909 491 fuit,
935 420 1185 490 inquam,
1211 419 1307 474 illa
1339 420 1395 472 in
1418 419 1600 490 legem
1630 418 1901 491 Caepionis
1920 419 2097 475 oratio
2128 437 2143 475 τ
2171 420 2225 473 in
2253 436 2371 491 qua

501 520 557 569 et
583 514 879 568 auctoritas
906 519 1135 567 ornatur
1166 518 1412 583 senatUS,
1451 527 1560 584 quo
1597 527 1698 582 pro
1728 511 1921 567 ordine
1954 511 2052 566 illa
2082 511 2349 568 dicuntur

500 610 556 659 et
574 604 782 660 invidia
801 604 1109 660 concitatur
1125 604 1183 658 in
1201 604 1457 673 judicum
1467 609 1528 658 et
1550 602 1608 657 in
1625 609 2012 658 accusatorum
2034 603 2360 674 factionem,

499 703 688 751 contra
728 713 970 769 quorum
1014 697 1321 767 potentiam
1360 695 1707 767 populariter
1752 701 1871 750 tum
1909 695 2209 751 dicendum
2237 696 2363 751 fuit.

498 786 672 841 Multa
700 787 757 840 in
785 785 883 841 illa
911 787 1157 842 oratione
1178 786 1446 858 graviter,
1476 785 1651 840 multa
1678 785 1901 855 leniter,
1935 784 2113 838 multa
2141 801 2362 856 aspere,

499 879 673 934 multa
714 879 895 935 facete
926 880 1072 936 dicta
1119 886 1248 935 sunt
1277 899 1290 935 :
1323 879 1488 951 plura
1518 880 1688 934 etiam
1726 878 1893 948 dicta,
1924 894 2095 950 quam
2129 881 2359 951 scripta,

500 970 646 1039 quod
676 987 747 1025 ex
769 970 1102 1042 quibusdam
1126 970 1399 1041 capitibus
1428 970 1709 1042 expositiS,
1739 986 1842 1024 nec
1868 969 2157 1041 explicatis
2198 970 2363 1025 intel-

498 1063 595 1133 ligi
625 1069 826 1132 potest.
860 1066 986 1135 Ipsa
1014 1064 1109 1118 illa
1136 1064 1391 1119 censoria
1417 1069 1609 1118 contra
1631 1064 1730 1117 Cn.
1759 1060 2064 1117 Domitium
2084 1062 2364 1133 collegam

499 1172 607 1211 non
639 1163 722 1210 est
763 1157 960 1224 oratio,
993 1157 1091 1212 sed
1122 1156 1281 1229 quasi
1323 1156 1504 1226 capita
1539 1171 1748 1227 rerum,
1797 1160 1854 1210 et
1897 1154 2164 1211 orationis
2205 1172 2362 1210 com-

497 1248 833 1305 mentarium
858 1251 1049 1322 paullo
1073 1250 1327 1322 plenius;
1362 1248 1517 1303 nulla
1535 1253 1620 1303 est
1647 1248 1797 1302 enim
1828 1248 2115 1303 altercatio
2151 1249 2361 1304 clamo-

496 1342 652 1397 ribus
674 1360 919 1415 unquam
937 1345 1126 1400 habita
1147 1344 1472 1416 maioribus,
1498 1345 1567 1397 Et
1592 1358 1725 1400 vero
1749 1343 1856 1398 fuit
1882 1343 1939 1397 in
1962 1343 2071 1399 hoc
2099 1349 2159 1398 et
2176 1360 2360 1415 popu-

496 1433 632 1489 laris
671 1435 840 1492 dictio
883 1438 1158 1492 excellens
1189 1455 1203 1492 t
1232 1437 1453 1492 Antonii
1488 1453 1668 1507 genus
1708 1436 1925 1492 dicendi
1958 1436 2135 1491 multo
2176 1437 2361 1508 aptius

490 1529 735 1601 judiciiS‚
763 1547 930 1603 quam
955 1532 1332 1588 concionibus.

564 1624 720 1677 XLV.
757 1655 819 1664 -
862 1625 979 1680 Hoc
1019 1624 1142 1679 loco
1171 1624 1356 1696 ipsum
1384 1623 1689 1678 Domitium
1732 1637 1843 1677 non
1882 1620 2139 1692 relinquo
2180 1639 2194 1674 :
2227 1637 2356 1675 nam

497 1713 598 1767 etsi
638 1729 748 1769 non
773 1714 880 1770 fuit
917 1716 976 1770 in
1016 1722 1297 1771 oratorum
1327 1731 1580 1785 numere,
1618 1719 1807 1768 tamen
1834 1727 2001 1784 ponc,
2032 1713 2171 1767 satis
2202 1713 2261 1766 in
2290 1729 2355 1768 eo

496 1806 668 1863 fuisse
694 1808 958 1864 orationis
989 1816 1155 1880 atque
1178 1807 1412 1879 ingenii,
1438 1823 1547 1879 quo
1574 1811 1629 1862 et
1654 1805 2016 1876 magistratus
2037 1822 2358 1876 personam,

498 2030 581 2077 des
602 2028 831 2087 modeles‚
853 2028 1111 2093 repris-je3
1151 2045 1275 2091 pour
1295 2032 1419 2086 moi,
1445 2031 1491 2077 le
1509 2030 1729 2080 discours
1752 2031 1816 2076 ou
1838 2028 2042 2077 Crassus
2070 2029 2285 2076 sentient
2309 2028 2358 2074 la

494 2116 564 2163 loi
590 2114 647 2162 de
675 2114 886 2176 Cepion,
923 2114 1051 2161 m’en
1083 2130 1113 2161 a
1137 2115 1262 2163 servi
1290 2114 1373 2161 des
1403 2131 1519 2164 mon
1544 2115 1763 2163 enfance.
1794 2114 1927 2163 Avec
1957 2115 2070 2176 quel
2098 2123 2177 2162 art
2203 2114 2243 2161 il
2267 2113 2360 2162 sait

493 2198 678 2246 relever
708 2198 955 2245 l’autorite
979 2197 1044 2245 du
1076 2197 1246 2256 Sena,
1282 2201 1313 2246 ὲ
1345 2201 1394 2247 la
1424 2199 1617 2247 defense
1641 2198 1819 2260 dnquel
1854 2207 1974 2245 cette
2002 2198 2260 2260 harangue
2288 2204 2361 2245 est

494 2283 767 2341 consacree,
797 2289 843 2330 et
871 2281 1047 2330 rendre
1071 2282 1264 2330 odieuse
1289 2283 1341 2330 la
1367 2284 1551 2331 fection
1579 2284 1662 2329 des
1686 2283 1832 2345 juges
1851 2289 1901 2328 et
1916 2280 1995 2328 des
2018 2291 2356 2335 accusamur-s,

495 2366 614 2413 dont
639 2368 674 2413 il
698 2367 773 2414 lui
801 2367 965 2415 fallait
990 2367 1259 2414 combattre
1289 2368 1335 2415 le
1363 2365 1568 2430 pouvoir
1592 2380 1706 2412 sans
1742 2366 1880 2412 nuire
1912 2366 1942 2411 ὲ
1971 2379 2024 2411 sa
2049 2364 2355 2426 popularite!

493 2450 630 2499 Tour
668 2454 695 2497 ὲ.
726 2457 838 2499 tour
873 2467 1022 2516 grave
1057 2459 1105 2499 et
1134 2451 1389 2510 merdant,
1431 2451 1564 2498 doux
1595 2458 1644 2498 et
1673 2450 1875 2512 enjoud,
1912 2449 1950 2496 il
1981 2449 2106 2496 mele
2140 2448 2357 2497 heureu-

496 2542 681 2583 sement
713 2536 783 2582 les
813 2542 924 2583 tons
955 2537 1027 2583 les
1060 2536 1170 2598 plus
1201 2536 1380 2584 divers.
1416 2536 1485 2583 Le
1518 2535 1735 2582 discours
1772 2535 1894 2582 e'crit
1926 2549 1988 2581 ne
2023 2533 2244 2580 contient
2274 2547 2358 2595 pas

493 2624 603 2665 tout
631 2633 684 2665 ce
708 2619 828 2680 qu’il
859 2619 930 2665 dit
962 2614 991 2665 ὲ,
1016 2619 1067 2665 la
1089 2620 1285 2666 tribune
1313 2636 1325 2663 ε
1359 2633 1421 2664 on
1445 2626 1561 2680 peut
1586 2633 1641 2664 en
1677 2618 1823 2679 juger
1847 2632 1935 2679 par
1956 2618 2166 2664 certains
2198 2617 2359 2678 points

494 2701 616 2763 qu’il
645 2717 821 2763 expose
847 2703 1119 2749 seulement
1142 2717 1255 2748 sans
1278 2702 1347 2747 les
1372 2703 1541 2747 traiter
1565 2703 1595 2747 a
1617 2700 1775 2748 fonds.
1802 2700 1943 2748 Celui
1966 2700 2051 2762 qui
2083 2715 2209 2746 nous
2237 2707 2358 2746 reste

494 2784 552 2831 de
576 2800 631 2831 sa
653 2800 855 2833 censure
888 2795 1055 2833 contre
1091 2801 1179 2832 son
1196 2785 1421 2846 collegue
1449 2785 1693 2832 Domitius
1714 2820 1723 2840 ‚
1756 2792 1829 2831 est
1851 2786 2014 2831 moins
2052 2800 2116 2831 un
2140 2784 2358 2832 discours

496 2870 647 2931 qu’uu
675 2878 805 2917 texte
835 2872 865 2916 ὲ
886 2870 1192 2930 developper,
1223 2877 1272 2916 et
1300 2885 1369 2916 un
1396 2872 1656 2917 sommaire
1679 2883 1811 2915 assez
1836 2869 2040 2916 etendu:
2073 2884 2156 2915 car
2177 2868 2358 2930 jamnis

493 2954 564 3001 les
589 2954 808 3000 combats
830 2952 888 2999 de
909 2954 961 2999 la
982 2953 1149 3015 parole
1168 2967 1228 2999 ne
1238 2937 1415 3000 'furent
1438 2955 1547 3015 plus
1567 2954 1754 3000 animes
1778 2967 1871 3013 que
1893 2952 2014 2999 dans
2034 2960 2156 2999 cette
2178 2949 2359 3012 grande

494 3039 725 3100 querelle.
751 3037 990 3093 Crassus,
1027 3036 1066 3083 il
1089 3036 1197 3083 faut
1229 3037 1275 3083 le
1317 3036 1449 3097 dire,
1483 3037 1710 3084 excelluit
1744 3033 1876 3083 aussi
1913 3037 2034 3082 dans
2066 3035 2359 3095 l’eloquence

492 3121 773 3185 populaire3
811 3121 934 3168 celle
964 3120 1229 3168 d’Antoine
1270 3122 1532 3169 convenait
1562 3121 1814 3181 beaucoup
1847 3121 2016 3166 mieux
2051 3134 2114 3165 au
2152 3119 2358 3166 barrem

496 3207 609 3268 qu's‘i
634 3207 686 3252 la
709 3206 927 3254 tribune.

562 3289 719 3338 XLV.
739 3289 839 3338 J’ai
864 3290 997 3351 parle
1015 3289 1073 3336 de
1099 3289 1373 3346 Domitius3
1402 3290 1453 3354 ᾖε
1478 3304 1540 3337 ne
1566 3289 1613 3337 le
1640 3288 1868 3350 quittersi
1893 3301 1978 3349 pas
2004 3301 2118 3332 sans
2137 3286 2360 3332 obser-ver

497 3389 670 3422 encore
699 3389 810 3435 que,
842 3375 921 3420 s'il
948 3389 1009 3421 ne
1038 3374 1115 3421 fut
1140 3376 1277 3436 point
1304 3374 1493 3437 compte
1525 3374 1682 3436 parmi
1715 3373 1786 3419 les
1819 3381 2053 3425 orateurS,
2093 3370 2131 3417 il
2157 3369 2360 3416 maniait

497 3458 767 3521 cependant
788 3459 839 3505 la
864 3459 1026 3521 parole
1052 3474 1164 3506 avec
1186 3474 1322 3507 assez
1346 3458 1406 3505 de
1434 3458 1586 3506 taient
1609 3472 1733 3519 pour
1756 3472 1816 3503 ne
1837 3471 1923 3519 pss
1949 3465 2101 3503 tester
2126 3453 2361 3501 inferieur
