2592 4084
421 347 537 402 292
1205 358 1468 403 neurus·

419 492 545 533 rum
567 477 731 547 (quae,
746 474 962 531 etiamsi
989 480 1173 531 orator
1198 491 1310 532 non
1333 476 1431 548 sis,
1458 481 1514 533 et
1536 476 1612 532 sis
1625 478 1898 550 ingenuus
1925 480 2060 537 civis
2078 496 2260 538 roma-

418 595 541 649 nuS,
566 583 753 633 tamen
790 576 1101 633 necessaria
1134 579 1241 647 est)
1266 578 1517 651 adjungit
1543 578 1639 636 illa
1665 582 1913 637 oratoria
1936 590 2257 639 ornamenta

418 679 671 751 dicendi;
701 684 821 734 tum
847 679 1066 735 videtur
1090 685 1356 751 tanquam
1377 679 1592 737 tabulas
1615 680 1757 738 bene
1784 683 1959 754 pictas
1984 684 2255 742 collocare

415 783 473 838 in
509 781 654 838 bono
681 780 909 837 lumine.
952 783 1104 837 Hanc
1132 796 1304 852 quum
1333 781 1538 837 habeat
1573 782 1909 854 praecipuam
1946 783 2167 839 laudem
2200 786 2257 840 in

416 881 831 952 communihuS,
885 896 994 936 non
1038 879 1229 950 video,
1270 879 1360 936 cui
1401 879 1596 936 debeat
1628 881 1846 937 cedere.
1896 883 2257 953 Splendidam

413 983 733 1053 quamdam,
762 982 1098 1052 minimeque
1129 981 1517 1036 veteratoriam
1544 980 1814 1037 rationem
1837 982 2054 1038 dicendi
2078 988 2253 1055 tenet,

411 1099 567 1148 voce,
613 1088 788 1155 motu,
831 1083 1008 1138 forma
1059 1081 1224 1136 etiam
1266 1079 1562 1152 magnifica
1604 1087 1661 1138 et
1696 1097 1968 1152 generosa
2011 1084 2255 1155 quodam

410 1185 594 1241 modo.
623 1214 693 1224 —
716 1186 854 1240 Tum
889 1186 1113 1254 Brutus,
1153 1182 1442 1238 Orationes
1481 1183 1705 1255 quidem
1745 1185 1867 1255 eJ'us
1912 1186 2050 1241 mihi
2089 1187 2257 1243 vehe-

411 1293 623 1341 menter
644 1285 963 1356 probantur,
990 1283 1304 1354 complures
1332 1289 1517 1339 autem
1544 1282 1680 1355 legi.
1706 1276 1877 1357 Atque
1908 1285 2075 1342 etiam
2098 1305 2255 1344 com-

411 1386 708 1442 mentarios
728 1384 999 1457 quosdam
1020 1384 1237 1455 scripsit
1254 1399 1443 1439 rerum
1471 1399 1716 1439 suarum.
1731 1385 1976 1443 -Valde
2002 1387 2250 1460 quidem,

409 1486 655 1557 inquam,
684 1485 1024 1557 probandos:
1055 1485 1189 1540 nudi
1218 1484 1368 1540 enim
1392 1489 1537 1557 sunt,
1567 1485 1725 1558 recti,
1751 1492 1806 1541 et
1832 1487 2070 1556 venusti,
2096 1491 2248 1544 omni

410 1594 604 1644 ornatu
646 1587 925 1658 orationis,
958 1593 1222 1660 tanquam
1257 1592 1432 1669 veste,
1464 1587 1728 1643 detracto.
1771 1587 1878 1643 Sed
1910 1588 2044 1644 dum
2074 1590 2255 1647 voluit

409 1688 549 1743 alios
594 1689 799 1744 habere
840 1694 1052 1760 parata,
1089 1689 1237 1744 unde
1280 1692 1583 1758 sumerent,
1623 1688 1719 1760 qui
1754 1687 1963 1745 vellent
2008 1691 2251 1748 scribere

408 1792 715 1862 historiam,
745 1789 946 1862 ineptis
968 1795 1186 1860 gratum
1205 1789 1439 1846 fortasse
1463 1789 1609 1861 fecit,
1640 1789 1735 1863 qui
1762 1790 1951 1846 volent
1976 1782 2073 1847 illa
2099 1793 2252 1849 cala-

407 1894 615 1950 mistris
647 1894 903 1958 inurere3
943 1906 1107 1946 sanos
1143 1890 1371 1962 quidem
1395 1890 1649 1946 homines
1676 1906 1710 1947 a
1751 1890 2046 1947 scribendo
2076 1893 2251 1948 deter-

405 2132 435 2177 ὲ
457 2133 567 2197 tout
586 2126 792 2175 Romaiu
813 2124 925 2172 bien
945 2126 1021 2180 ne',
1049 2136 1110 2169 ne
1132 2122 1275 2169 sut-il
1297 2136 1383 2183 pas
1406 2129 1618 2180 orateur,
1644 2122 1680 2170 il
1699 2122 1862 2185 ajoute
1883 2124 1955 2171 les
1972 2133 2248 2175 ornements

407 2235 463 2283 de
489 2232 802 2295 l’eloquence‚
841 2244 915 2277 see
942 2231 1134 2292 penedes
1166 2235 1276 2276 sont
1299 2206 1486 2277 comme
1518 2233 1691 2302 autaut
1708 2227 1766 2276 de
1789 2229 2017 2278 tableaux
2041 2232 2248 2294 pax-faits

405 2342 526 2407 qu’il
548 2342 685 2406 place
715 2339 834 2386 dane
863 2353 930 2384 un
950 2336 1062 2399 jour
1082 2335 1344 2383 favorable.
1364 2335 1502 2383 Doue
1512 2335 1681 2384 d'unsi
1704 2336 1825 2383 beau
1846 2337 2095 2399 privilege,
2116 2339 2244 2400 qu’il

404 2451 515 2497 unit
533 2447 780 2495 d'ailleurs
802 2458 900 2491 aux
921 2448 1082 2490 autres
1104 2442 1281 2505 parties
1307 2439 1365 2488 de
1395 2439 1522 2497 Part,
1542 2439 1593 2503 je
1614 2455 1674 2487 ne
1703 2441 1807 2488 vois
1829 2456 1911 2504 pas
1929 2443 1959 2488 ὲ
1986 2444 2095 2503 quel
2113 2444 2247 2494 rival

403 2556 441 2603 il
463 2553 681 2617 pom-tait
697 2552 744 2600 le
765 2550 926 2600 ceder.
952 2548 1016 2597 Sa
1050 2548 1370 2597 declamation
1400 2552 1473 2595 est
1505 2546 1733 2595 brillante
1755 2553 1803 2595 et
1828 2547 1984 2609 pleine
2019 2547 2077 2595 de
2110 2547 2246 2598 fran-
2269 2612 2278 2619 ἱ

404 2658 564 2716 chise3
596 2671 652 2704 sa
682 2655 815 2713 voix,
842 2668 929 2701 son
952 2659 1106 2716 geste,
1129 2657 1237 2699 tout
1250 2664 1340 2699 son
1362 2652 1601 2699 exterieur
1620 2665 1651 2699 a
1668 2651 1873 2714 quelque
1895 2651 2042 2700 chose
2064 2652 2124 2701 de
2148 2668 2244 2704 no-

404 2762 485 2811 ble
506 2766 554 2810 et
577 2760 635 2808 de
655 2758 974 2820 majestueux.
1001 2779 1062 2792 -
1084 2754 1262 2803 J'aime
1295 2752 1571 2802 infiniment
1592 2768 1665 2802 see
1686 2754 1920 2816 discours,
1948 2756 2240 2821 ditBrutus3

399 2869 499 2932 j’en
525 2866 573 2914 ai
596 2865 652 2913 lu
673 2864 942 2925 beaucoup.
964 2860 1009 2909 11
1030 2875 1062 2908 a
1083 2862 1203 2908 ecrit
1215 2861 1348 2909 aussi
1371 2859 1456 2910 des
1485 2861 1736 2909 memoires
1750 2860 1806 2909 de
1832 2877 1907 2910 ses
1929 2877 2237 2927 campagnes.

403 3001 468 3012 —
488 2972 604 3030 Oui,
624 2967 939 3034 &pondis-je,
966 2974 1015 3017 et
1035 2966 1362 3016 d'excellente.
1380 2967 1445 3017 Le
1459 2967 1584 3032 style
1604 2980 1666 3015 en
1677 2972 1751 3015 est
1767 2967 1957 3031 simple,
1985 2985 2096 3032 pur,
2118 2984 2243 3033 gra.

405 3078 563 3132 ciem,
590 3079 639 3122 et
659 3070 900 3136 depouille
918 3068 975 3120 de
988 3077 1122 3119 toute
1140 3086 1313 3136 pompe
1331 3070 1390 3121 de
1405 3071 1617 3137 langage
1642 3080 1657 3113 τ
1681 3070 1797 3120 o’eet
1819 3085 1916 3120 une
1933 3072 2105 3121 beaute
2130 3089 2242 3124 sans

403 3195 595 3248 perure.
620 3179 696 3233 En
724 3177 927 3228 voulant
958 3177 1149 3226 fournir
1172 3177 1256 3226 des
1281 3177 1557 3226 materiam:
1578 3192 1676 3226 aux
1703 3175 1968 3227 historiens
1994 3178 2174 3240 future,
2205 3179 2243 3227 il

402 3305 433 3337 a
453 3286 693 3352 peut-otte
717 3281 809 3331 fait
830 3280 1000 3345 plaisir
1027 3283 1059 3330 a
1075 3281 1134 3330 de
1158 3268 1302 3346 petits
1328 3284 1520 3347 cepi-ite,
1542 3283 1629 3346 qui
1646 3289 1810 3333 seront
1836 3283 1991 3332 tentes
2013 3282 2070 3329 de
2092 3281 2242 3331 ehar-

403 3409 489 3457 ger
531 3392 854 3440 d'ornements
880 3389 1076 3439 frivolos
1097 3406 1176 3439 ces
1199 3393 1367 3455 grace-«1
1392 3392 1653 3440 natm-elles
1676 3407 1691 3451 ς
1718 3393 1844 3440 mais
1864 3406 1988 3454 pour
2020 3391 2090 3438 les
2120 3401 2243 3452 gens

402 3498 580 3559 semes,
622 3498 660 3546 il
682 3498 790 3547 leur
825 3509 855 3545 a
883 3497 961 3546 διό
1009 3497 1039 3544 ὸ
1063 3497 1241 3559 jamnis
1264 3496 1440 3547 l’envie
1463 3496 1687 3563 d’ecrire3
1728 3512 1811 3547 car
1834 3497 1939 3546 rien
1970 3496 2096 3544 n'est
2129 3495 2243 3558 plue
