2592 4084
409 318 519 373 122
1194 324 1455 368 Bnurus.

397 441 709 501 oratoribus
731 439 1024 511 Rutilium,
1052 440 1322 493 Scaurum
1345 438 1404 493 in
1432 439 1706 512 antiquis:
1738 445 2037 511 utrumque
2061 447 2250 500 tamen

396 544 707 615 laudemus,
741 542 1004 615 quoniam
1031 557 1133 612 per
1154 539 1278 595 illos
1307 556 1378 596 ne
1404 540 1524 597 haec
1553 542 1776 614 quidem
1803 541 1861 597 in
1897 541 2118 599 civitate
2146 561 2249 615 ge-

396 660 532 700 nera
561 644 667 699 hac
699 641 937 698 oratoria
972 641 1138 696 laude
1168 647 1487 699 caruerunt.
1516 642 1652 699 Volo
1688 643 1856 715 enim,
1887 650 1950 699 ut
1976 644 2032 698 in
2060 660 2244 718 scena,

395 745 476 801 sic
503 745 668 800 etiam
694 744 751 799 in
779 744 918 814 foro,
947 759 1059 798 non
1100 758 1195 797 eos
1222 742 1386 797 modo
1412 742 1649 815 laudari,
1675 744 1770 815 qui
1804 743 1974 801 celeri
2003 750 2155 801 motu
2192 752 2248 801 et

396 846 610 903 difficili
651 851 897 918 utantur,
943 844 1041 900 sed
1094 861 1189 900 eos
1230 844 1420 916 etiam,
1469 861 1606 917 quos
1645 847 1901 903 statarios
1946 847 2246 920 appellang

395 963 634 1020 quorum
662 946 733 1003 sit
757 946 855 1002 illa
878 946 1112 1017 simplex
1140 946 1198 1001 in
1227 946 1440 1016 agendo
1466 947 1695 1018 veritas,
1720 963 1832 1003 non
1858 948 2112 1005 molesta.

463 1052 650 1105 XXXI.
680 1050 748 1105 Et
773 1047 1038 1121 quoniam
1063 1048 1378 1104 Stoicorum
1409 1054 1493 1104 ost
1518 1049 1662 1105 facta
1693 1049 1926 1121 mentio,
1968 1050 2035 1116 Q.
2072 1050 2248 1105 AElius

396 1150 615 1206 Tubero
643 1147 749 1204 suit
769 1146 864 1203 illo
887 1153 1157 1218 tempore,
1184 1150 1246 1203 L.
1272 1146 1455 1204 Paulli
1478 1164 1668 1220 nepos,
1694 1148 1849 1205 nullo
1879 1149 1935 1204 in
1967 1156 2248 1205 oratorum

396 1265 651 1318 numero,
681 1250 781 1306 sed
806 1250 922 1307 vita
953 1265 1203 1321 severuS,
1240 1257 1296 1306 et
1330 1265 1641 1321 congruens
1670 1266 1797 1305 cum
1835 1267 1900 1306 ea
1931 1249 2246 1320 disciplina,

394 1367 565 1424 quam
590 1350 842 1408 colebat:
869 1350 1056 1422 paullo
1082 1350 1249 1406 etiam
1277 1350 1500 1422 durior;
1531 1350 1626 1422 qui
1651 1350 1879 1423 quidem
1905 1350 1962 1404 in
1983 1349 2249 1405 triumvi-

395 1458 521 1507 ratu
552 1450 888 1524 judicaverit
918 1457 1110 1507 contra
1146 1454 1209 1507 P.
1247 1450 1509 1520 Africani,
1538 1450 1799 1507 avunculi
1841 1450 1947 1521 sui,
1987 1449 2250 1505 testimo-

396 1552 570 1622 nium,
595 1550 939 1608 vacationem
965 1567 1228 1623 augures,
1262 1566 1371 1623 quo
1404 1550 1587 1605 minus
1618 1545 1845 1624 judiciis
1880 1564 2103 1621 operam
2141 1549 2248 1604 da-

397 1656 538 1723 rent,
570 1668 680 1707 non
706 1651 932 1708 habere.
959 1652 1071 1707 Sed
1100 1658 1163 1706 ut
1197 1651 1328 1720 vita,
1361 1651 1439 1706 sic
1475 1651 1719 1706 oratione
1751 1651 1943 1721 durus,
1976 1648 2242 1721 incultuS,

395 1751 682 1823 horridus3
708 1751 897 1824 itaque
927 1750 1227 1807 honoribus
1249 1750 1525 1823 majorum
1552 1750 1885 1823 respondere
1910 1765 2018 1805 non
2042 1748 2245 1820 potuit.

393 1851 519 1908 Fuit
558 1856 745 1909 autem
781 1856 1036 1908 constans
1074 1850 1229 1924 civis,
1272 1857 1329 1907 et
1362 1850 1541 1919 fortiS,
1580 1857 1634 1907 et
1672 1851 1728 1905 in
1763 1850 1956 1923 primis
1995 1850 2248 1907 Graccho

393 2063 609 2111 Rutilius
631 2077 739 2110 sora.
757 2060 885 2111 donc
906 2077 975 2109 un
999 2069 1195 2110 orateur
1217 2062 1451 2129 Stoicien,
1485 2070 1534 2111 et
1562 2062 1774 2112 Scaurus
1806 2079 1871 2109 un
1901 2072 2096 2111 orateur
2118 2061 2248 2111 anti-

393 2172 505 2221 que.
530 2157 669 2208 Nous
691 2158 800 2206 leur
822 2157 1097 2207 donner-ons
1121 2158 1392 2221 cependant
1429 2157 1512 2207 dos
1535 2158 1697 2221 &loges
1720 2160 1750 2206 ὲ,
1773 2159 1878 2206 l'un
1908 2165 1956 2206 et
1982 2160 2013 2205 'a
2049 2158 2243 2219 rantra,

391 2267 516 2316 pour
537 2254 676 2302 avoir
692 2254 823 2303 elevo
843 2254 1001 2318 parmi
1033 2269 1155 2302 nous
1178 2268 1257 2302 ces
1287 2253 1416 2302 deux
1449 2267 1622 2316 gentes
1644 2254 1847 2317 jusqu'ii
1880 2255 1930 2301 la
1952 2253 2161 2302 hauteur
2183 2254 2249 2303 de

391 2349 704 2413 l’oloquenco.
735 2350 831 2401 Car
842 2350 895 2414 je
916 2365 1043 2399 veux
1066 2352 1215 2413 qu'au
1235 2350 1398 2399 forum
1428 2350 1553 2398 ainsi
1587 2349 1738 2413 qu’au
1770 2349 1974 2405 theatro,
2005 2365 2070 2398 on
2100 2350 2248 2413 n'ap-

390 2443 636 2504 plaudisse
657 2459 745 2509 pas
762 2445 1078 2507 uniquement
1099 2460 1223 2493 ceux
1248 2444 1333 2507 qui
1356 2458 1407 2492 so
1424 2444 1606 2492 livrent
1631 2445 1660 2490 ὲ
1692 2442 1775 2491 des
1793 2449 2129 2491 mouvoments
2151 2443 2248 2491 im·

391 2537 604 2599 petnoux
625 2543 675 2586 ot
708 2536 978 2601 fatigantst
1004 2552 1100 2585 une
1139 2537 1302 2585 action
1341 2536 1516 2594 calme,
1558 2533 1747 2597 simple,
1787 2533 2047 2593 nanneno,
2077 2541 2127 2581 ot
2159 2535 2247 2597 qui

391 2629 476 2676 n’a
502 2631 607 2677 rien
629 2629 693 2678 do
709 2629 916 2692 penius,
945 2631 1118 2677 merite
1140 2629 1274 2676 aussi
1291 2635 1432 2677 notre
1453 2627 1641 2676 estimo.

456 2721 642 2770 XXXI.
679 2721 893 2785 Puisque
921 2737 1044 2770 nous
1093 2737 1243 2769 avons
1277 2722 1414 2783 pario
1457 2720 1540 2769 des
1573 2718 1829 2778 Stoioiens,
1877 2721 2035 2770 citons
2069 2736 2246 2771 encore

391 2813 452 2873 Q.
479 2812 643 2861 AEuus
662 2812 912 2870 Taberna,
947 2812 1172 2875 petit-fils
1195 2812 1253 2861 <10
1286 2812 1414 2861 Pau1
1436 2796 1612 2871 limus,
1648 2811 1735 2875 qui
1761 2812 1915 2860 vivait
1948 2815 1979 2861 a
2011 2814 2063 2861 la
2086 2817 2243 2864 meme

388 2909 590 2970 epoque.
622 2907 663 2957 11
693 2908 863 2955 n'etait
884 2908 1021 2969 point
1051 2914 1264 2967 orateur,
1308 2910 1431 2955 mais
1465 2907 1505 2955 il
1525 2905 1794 2970 pratiqnait
1827 2906 1948 2956 dans
1974 2917 2111 2956 toute
2134 2910 2243 2957 leur

389 3001 589 3048 severite
616 2998 687 3047 les
721 2998 963 3061 principes
998 2999 1056 3047 de
1092 3015 1148 3047 sa
1181 3009 1334 3065 secte;
1358 3001 1401 3048 il
1446 3001 1517 3048 les
1548 2996 1765 3063 poussait
1786 3000 1942 3047 meme
1971 3002 2002 3047 ὲ
2041 3001 2240 3069 Penes,

388 3093 616 3155 cuisque,
652 3093 788 3140 etant.
816 3092 1059 3153 triumvir,
1106 3093 1147 3140 il
1181 3108 1428 3156 prononca
1463 3098 1630 3141 contro
1666 3090 1913 3140 l’autorito
1948 3093 2007 3140 de
2043 3093 2241 3159 Scipion

388 3165 665 3247 l’Africain,
693 3200 780 3233 son
798 3185 955 3243 oncle,
976 3186 1161 3247 quoles
1187 3200 1400 3247 augures
1421 3199 1480 3233 ne
1507 3189 1619 3233 sont
1646 3198 1733 3247 pas
1755 3183 1999 3247 dispenses
2022 3202 2111 3249 par
2130 3187 2243 3236 leur

386 3273 568 3338 charge
589 3274 673 3322 des
693 3275 935 3324 fonctions
950 3277 1009 3325 de
1018 3276 1181 3341 juges.
1208 3275 1306 3326 Son
1329 3265 1544 3340 langage
1563 3275 1864 3325 rossemblait
1881 3279 1913 3325 ὸ
1925 3293 2000 3325 ses
2015 3294 2199 3327 moeurs
2214 3295 2234 3330 a

387 3367 425 3414 il
447 3366 566 3415 emit.
588 3366 694 3428 dur,
726 3370 935 3427 austero,
961 3369 1184 3433 neglig&
1209 3370 1340 3417 aussi
1376 3384 1439 3417 ne
1469 3368 1626 3431 put-il
1654 3367 1891 3417 atteindre
1917 3371 1947 3417 ὲ
1973 3371 2239 3419 l'illustra-

386 3459 492 3507 tion
516 3459 576 3509 do
599 3475 674 3508 ses
694 3464 928 3510 ancetres.
955 3462 1021 3511 Ce
1054 3461 1147 3520 fut,
1176 3462 1242 3508 du
1276 3469 1418 3519 reste,
1455 3476 1524 3509 un
1561 3459 1754 3523 citoyen
1795 3460 1944 3509 ferme
1978 3471 2025 3509 et
2057 3478 2239 3511 couta—
