2592 4084
397 449 450 498 in
479 449 678 512 reliquis
708 449 871 508 rebus,

396 525 451 564 ut
469 522 631 563 tamen
642 530 741 562 non
756 529 919 578 posses
931 520 1142 563 statuere

396 583 558 629 utrius
581 582 753 629 malles

393 656 442 695 te
460 648 765 698 similiorem.

395 713 599 763 Crassus
621 722 726 763 erat
744 712 1057 777 parcissimus

393 780 711 843 elegantium,

391 844 612 894 Sooevola
631 847 1020 911 elegantissimus

395 927 669 973 parcorum.

390 978 596 1027 Crassus
618 980 668 1026 in
700 996 891 1028 summa
913 980 1140 1028 comitate

394 1044 604 1092 habebat
626 1046 772 1094 etiam

395 1111 514 1159 satis
544 1114 836 1167 severitatis3

392 1180 598 1224 comitas
621 1194 718 1225 non
740 1180 903 1227 deerat
924 1186 1084 1228 tamen

392 1242 620 1291 Scaevola
666 1268 671 1272 ·

393 1308 445 1354 in
466 1311 621 1356 multa
644 1310 916 1358 severitate.

393 1373 528 1423 Licet
550 1378 715 1424 omnia
739 1377 835 1424 hoc
859 1375 1032 1435 mod03

396 1442 477 1487 sed
494 1457 658 1489 vereor

393 1523 455 1553 ne
475 1507 578 1556 haec
599 1509 853 1556 videantur
870 1508 1013 1571 fingi,

393 1581 449 1622 ut
482 1574 707 1623 dicantur
741 1591 770 1621 a
801 1590 878 1625 me

394 1639 604 1700 quodam
636 1641 813 1706 mod03

394 1713 553 1752 tamen
579 1722 653 1754 res
673 1722 722 1753 se
743 1706 887 1754 habet
910 1706 998 1753 sic.

395 1771 557 1830 Quum
581 1774 740 1820 omnis
758 1774 931 1828 virtus,

395 1845 451 1885 ut
468 1847 630 1887 vestra
652 1846 786 1885 vetus
805 1838 1058 1888 academia

394 1902 536 1956 dixit,
566 1904 734 1959 Brute,

395 1970 464 2016 sit
483 1969 804 2028 mediocritas,

396 2043 598 2097 uterque
630 2036 807 2085 horum

396 2101 590 2149 volebat
607 2102 741 2164 sequi

396 2166 628 2229 quiddam
651 2167 892 2229 medium3

394 2233 478 2280 sed
500 2233 701 2280 cadebat
722 2235 792 2280 ita

392 2308 450 2347 ut
466 2300 591 2348 alter
613 2301 811 2348 haberet
830 2307 1017 2363 partem

391 2380 454 2416 ex
476 2366 624 2413 laude
646 2367 867 2423 alterius,

391 2442 593 2495 uterque
615 2441 777 2480 autem
800 2445 939 2481 suam
963 2437 1134 2481 totam.

390 2524 459 2535 -
482 2498 611 2547 Tum
634 2500 831 2554 Brutus,

390 2563 555 2625 Quum
585 2565 752 2612 videor
776 2565 917 2623 mihi,
952 2565 1130 2628 inquit,

393 2631 514 2678 bene
537 2633 818 2693 cognovisse

391 2696 616 2746 Crassum
641 2708 687 2744 et
710 2697 974 2747 Scaevolam

393 2778 455 2809 ex
479 2770 567 2810 tua
599 2764 832 2822 oratione,

392 2833 497 2877 tum
520 2830 742 2891 cogitans
772 2830 830 2877 de
857 2837 904 2878 te

391 2901 442 2942 at
463 2895 520 2942 de
545 2895 649 2944 Ser.
675 2896 907 2959 Sulpicio,

388 2960 560 3024 judico

393 3027 658 3090 quamdam
691 3026 1062 3078 similitudinem

392 3108 496 3142 esse
518 3094 656 3142 vobis
676 3109 788 3141 cum
812 3093 930 3142 illis.

391 3182 456 3198 —
481 3159 707 3220 Quonam
723 3161 867 3208 modo
890 3157 1051 3209 istuc?

391 3227 613 3288 inquam.

391 3318 459 3327 -
484 3291 612 3354 Quia
638 3298 687 3340 et
708 3299 763 3340 tu
780 3291 958 3341 videris
981 3290 1105 3340 mihi

392 3358 606 3406 voluisse
632 3359 755 3406 scire

394 3428 587 3471 tantum
607 3424 735 3486 juris
762 3424 920 3472 civilis

396 3496 634 3551 quantum
649 3500 775 3539 esset
785 3492 903 3540 satis
918 3489 1100 3541 oratori
1115 3505 1129 3551 ς

1193 334 1437 379 BRUTus
1446 365 1458 378 .
2135 326 2256 384 215⁷

1196 447 1321 496 dans
1352 449 1423 500 les
1444 448 1809 508 autres.ohoses,

1194 529 1289 576 que
1312 522 1542 577 pourtant
1566 524 1620 563 tu
1641 518 1856 567 n’aurais
1879 531 1947 578 pu
1974 515 2165 564 decidet

1195 581 1622 643 auquel-des-deux
1642 590 1697 630 tu
1713 582 1943 645 prdferais

1194 649 1263 695 toi
1286 647 1789 711 ressembler-le—plus.

1195 712 1403 761 Crassus
1424 714 1540 761 etait
1562 715 1607 761 le
1639 716 1747 777 plus
1770 714 1922 777 precis

1194 778 2182 843 de-eeux-qui·parlaient—avec-elegance‚

1194 844 1393 893 Seevola
1417 846 1464 893 le
1486 845 1596 909 plus
1614 846 1807 908 elegant

1193 911 1510 973 de-ceux-qui
1534 912 2197 975 parlaient-avsc-preoision.

1191 977 1394 1026 Crassus
1420 993 1534 1025 avec
1554 993 1649 1025 une
1663 977 1977 1040 tres-grande
1996 979 2221 1041 politesse

1192 1046 1325 1091 avait
1347 1059 1519 1092 encore

1189 1124 1323 1157 assez
1358 1110 1415 1157 de
1449 1110 1682 1167 severite3

1190 1176 1241 1223 la
1263 1176 1486 1235 politesse
1513 1192 1573 1223 ne
1595 1175 1850 1238 manquait
1878 1190 1964 1238 pas
1991 1176 2219 1222 toutefois

1190 1244 1221 1289 a
1242 1241 1441 1290 Scevola

1188 1323 1306 1354 avec
1331 1309 1578 1370 beaucoup
1609 1307 1670 1356 de
1693 1307 1910 1356 severini.

1191 1373 1266 1422 On
1294 1382 1407 1436 peut
1429 1375 1574 1435 (dire)
1599 1382 1705 1422 tout
1733 1372 1793 1422 ds
1824 1382 1948 1422 cette
1974 1373 2146 1432 ἰαᾳοης

1191 1445 1314 1486 mais
1330 1441 1381 1500 je
1406 1441 1566 1487 crains

1191 1520 1284 1565 que
1304 1522 1381 1552 ces
1405 1508 1571 1553 choses
1593 1521 1656 1552 ne
1677 1507 1916 1553 semblent
1936 1505 2200 1563 inventees‚

1190 1586 1314 1632 pour
1336 1574 1436 1619 erre
1460 1573 1582 1620 dites
1606 1587 1694 1633 par
1714 1573 1815 1622 moi

1191 1637 1249 1685 de
1274 1631 1487 1685 cei-taine
1516 1638 1657 1695 facon
1676 1652 1691 1700 ;

1189 1704 1456 1765 cependant
1476 1705 1527 1752 la
1548 1704 1692 1750 chose
1714 1717 1764 1749 se
1790 1716 1927 1765 passe
1949 1702 2095 1751 ainsi.

1187 1769 1402 1832 Puisquo
1423 1781 1555 1818 toute
1579 1778 1735 1826 vex-tu,

1188 1851 1376 1883 comme
1396 1848 1529 1885 votre
1555 1836 1789 1884 ancienne
1808 1833 2052 1882 academie

1189 1903 1256 1950 l'a
1283 1902 1371 1959 dit,
1394 1903 1594 1956 Brutus.

1189 1978 1263 2015 est
1289 1984 1356 2014 un
1378 1969 1729 2030 juste-minen,

1190 2033 1379 2081 chacun
1411 2034 1469 2081 de
1494 2032 1985 2083 ces-deux-hommes

1191 2101 1376 2147 voulait
1397 2101 1594 2164 adopter

1190 2175 1423 2214 tin-terme
1443 2183 1647 2230 moyen3

1191 2234 1315 2279 mais
1339 2234 1376 2278 il
1413 2234 1615 2281 arrivait
1646 2233 1770 2280 ainsi

1192 2313 1284 2359 que
1303 2299 1406 2346 l’un
1432 2300 1563 2347 avait
1584 2299 1853 2362 unejpartie

1192 2366 1258 2411 du
1281 2365 1449 2412 merite
1472 2364 1528 2412 de
1549 2366 1742 2421 l'autre,

1190 2432 1316 2477 mais
1339 2431 1705 2480 chacun-d’eux
1730 2431 1779 2478 le
1808 2431 1914 2477 sien
1939 2429 2248 2479 tout-entier.

1191 2520 1255 2530 —
1278 2498 1425 2545 Alors
1449 2497 1649 2554 Brutus,

1189 2563 1366 2622 Quand
1383 2564 1437 2624 je
1467 2579 1544 2611 me
1561 2563 1762 2622 semble,
1797 2562 1943 2621 niihil,

1187 2630 1328 2677 avoir
1346 2631 1458 2677 bien
1478 2645 1641 2678 connu

1188 2696 1394 2745 Crassus
1419 2705 1467 2743 et
1496 2693 1695 2744 Scevo'la

1191 2762 1381 2825 d’apres
1408 2769 1492 2810 ton
1517 2761 1750 2819 discours,

1189 2829 1321 2876 alors
1341 2835 1582 2890 songsant
1594 2831 1625 2876 ὰ
1647 2831 1718 2877 toi

1188 2903 1240 2970 et
1259 2896 1292 2942 a
1314 2893 1418 2944 Ser.
1438 2894 1698 2957 Suipioinm

1186 2976 1237 3023 Je
1260 2976 1382 3025 juge

1188 3029 1402 3076 certaine
1425 3027 1777 3076 ressemblance

1189 3098 1290 3141 &tre
1312 3096 1342 3141 a
1363 3109 1484 3141 vous
1506 3109 1621 3142 avec
1640 3095 1855 3142 ceux-la.

1189 3186 1252 3198 ·—-
1277 3160 1534 3209 Comment
1551 3159 1693 3209 cela?

1191 3226 1358 3287 dis-je.

1189 3321 1256 3333 -
1280 3292 1432 3341 Parce
1454 3307 1547 3354 que
1567 3292 1698 3340 aussi
1714 3291 1784 3341 toi
1808 3298 1865 3339 tu
1881 3290 2087 3340 sembles
2106 3292 2136 3338 a
2149 3290 2246 3339 mei

1191 3360 1330 3406 avoir
1357 3359 1506 3406 voulu
1532 3360 1694 3407 saveir

1192 3431 1366 3471 autaut
1387 3424 1445 3471 de
1465 3424 1595 3472 droit
1615 3425 1731 3473 civil

1178 3491 1314 3552 -qu'il
1348 3490 1467 3539 etait
1491 3490 1854 3542 sufflatum-un
1877 3492 2093 3543 orateur3
