2592 4084
1184 445 1449 491 namus,
2164 425 2263 480 165

382 568 564 630 inquit,
589 576 641 615 et
664 574 838 624 antea3
1183 565 1333 621 dit-il,
1359 568 1513 613 meme
1536 568 1962 633 anterieurement3

383 635 554 683 audivi
589 635 719 683 enirn
753 646 908 697 nuper
932 647 1045 682 eum
1181 647 1263 680 car
1281 633 1370 693 j'ai
1395 631 1606 680 entendu
1622 636 1914 684 recommen't
1936 636 2006 683 lui

381 700 536 757 Sami,
1178 699 1208 745 a
1231 699 1419 756 Samos,
2085 715 2096 744 κ

386 768 604 816 studiose
621 775 669 816 et
688 768 980 830 frequenter,
1180 768 1425 813 avec-soin
1453 772 1501 813 et
1525 766 1890 830 freqnemment,

385 849 537 896 quum
602 836 775 882 vellem
832 847 1128 898 cognoscere
1181 846 1368 880 comme
1384 834 1438 897 je
1473 833 1663 881 voulais
1686 836 1951 897 apprendre

384 915 446 948 ex
480 916 577 962 qua
598 912 731 961 parte
1180 897 1303 946 dans
1330 900 1489 961 quelle
1508 901 1786 962 proportion

382 977 607 1014 nostrum
638 968 722 1029 jus
740 967 1042 1030 pontificium
1179 975 1320 1013 notre
1341 966 1469 1015 droit
1493 966 1742 1028 pontifioal

384 1035 707 1095 conjunctum
738 1042 863 1083 esset
1177 1033 1296 1080 etait
1320 1033 1407 1080 uni

383 1114 494 1147 cum
514 1100 627 1161 jure
654 1100 817 1160 civili3
1178 1114 1294 1147 aveo
1323 1100 1368 1146 le
1396 1098 1523 1147 droit
1543 1100 1685 1157 civi13

384 1173 433 1213 et
466 1182 600 1214 nuno
1180 1172 1226 1213 et
1248 1166 1556 1214 maintenant

384 1232 620 1281 confirmo
644 1249 807 1281 meum
827 1233 1070 1296 judicium
1173 1232 1225 1292 je
1246 1232 1479 1281 confirmo
1508 1250 1624 1283 mon
1643 1234 1901 1297 jugement

383 1301 540 1346 multo
559 1301 718 1363 magis
1181 1301 1424 1362 beaucoup
1446 1299 1559 1363 plue

381 1371 468 1413 tuo
494 1367 769 1414 teztimonio
787 1372 836 1414 et
854 1366 1056 1428 judicio.
1152 1381 1265 1427 ·par
1286 1374 1370 1413 ton
1393 1372 1702 1429 temoignage
1728 1375 1777 1414 et
1802 1377 1880 1415 ton
1895 1368 2171 1430 jugement.

383 1431 544 1481 Simul
573 1434 763 1496 gaudeo
791 1434 941 1494 illud,
1180 1433 1620 1495 En-meme-temps
1640 1434 1690 1494 je
1722 1449 1801 1482 me
1822 1435 2004 1498 rejonia
2037 1435 2095 1482 de
2118 1435 2237 1497 oeci,

382 1498 513 1561 qnod
533 1508 582 1547 et
607 1510 767 1548 vest-ra
795 1501 1063 1563 aequalitas,
1179 1515 1269 1559 que
1292 1511 1341 1547 et
1364 1507 1499 1545 votre
1527 1500 1722 1561 egalite,

383 1572 431 1614 et
462 1566 646 1629 gradus
680 1566 924 1615 honorum
961 1582 1118 1630 pares,
1178 1572 1225 1611 et
1243 1565 1315 1612 les
1336 1564 1505 1628 degree
1528 1565 1827 1616 d’honneurs
1849 1572 2028 1631 ogmar,

378 1637 430 1680 et
463 1635 603 1693 quasi
648 1634 877 1683 vicinitas
909 1633 1123 1683 finitima
1176 1639 1224 1678 et
1244 1646 1431 1679 comme
1456 1630 1505 1678 le
1527 1633 1779 1697 voisinage
1804 1634 2037 1698 prochain

383 1699 560 1747 artium
592 1700 984 1764 studiorumque,
1176 1696 1258 1744 des
1285 1708 1385 1745 arte
1410 1706 1457 1744 et
1478 1697 1559 1746 des
1578 1700 1743 1749 &tudes

380 1772 571 1812 tantum
609 1768 744 1814 abest
1179 1771 1250 1810 est
1277 1766 1317 1811 si
1337 1765 1530 1827 eloigne

380 1831 444 1878 ab
473 1832 821 1882 obtrectatione
1178 1829 1234 1875 de
1255 1832 1306 1876 la
1330 1832 1541 1894 jalousie
2187 1843 2210 1864 ⁴·

379 1898 675 1960 invidiaque,
1176 1905 1223 1943 et
1247 1895 1306 1943 de
1329 1897 1518 1954 l’envie,

381 1978 491 2025 quae
517 1966 642 2012 solet
1178 1964 1261 2023 qui
1296 1978 1327 2009 a
1349 1974 1575 2011 eontume

382 2030 597 2077 lacerare
618 2031 886 2094 plerosque,
1177 2027 1236 2074 de
1262 2029 1479 2078 dechirer
1497 2030 1544 2078 le
1565 2030 1967 2095 grand-nombre,

384 2098 456 2142 uti
481 2111 538 2142 ea
557 2098 776 2145 videatur
1179 2095 1352 2156 qu'elle
1376 2098 1557 2144 semble

384 2176 485 2208 non
508 2162 652 2211 modo
1176 2163 1576 2210 non-seulement

382 2242 481 2275 non
505 2230 787 2277 exuicerare
1177 2243 1237 2275 ne
1255 2244 1341 2292 pas
1364 2231 1539 2278 alteror

380 2302 591 2343 vestram
618 2297 847 2359 gratiam,
1176 2304 1314 2342 votre
1337 2296 1702 2354 bienveillanee‚

378 2362 464 2410 aed
487 2364 634 2409 etiam
661 2363 940 2411 conciliare.
1176 2362 1301 2409 mais
1336 2361 1495 2411 meme
1520 2367 1565 2410 la
1592 2364 1842 2410 cimenter.

377 2428 595 2491 Cognovi
631 2430 761 2477 enim
1174 2426 1277 2476 J'ai
1302 2442 1518 2476 reconna
1540 2426 1742 2476 en·effet

378 2496 522 2542 illum
558 2493 646 2542 tali
668 2496 920 2544 voluntate
1175 2493 1246 2541 lui
1283 2499 1375 2542 etro
1400 2494 1457 2542 de
1477 2496 1569 2543 tels
1590 2494 1873 2542 sentimenta

376 2560 659 2624 judicioque
682 2562 734 2609 in
760 2570 828 2620 te,
1176 2568 1223 2607 et
1247 2561 1395 2608 d’une
1417 2561 1529 2609 telle
1548 2561 1748 2625 opinion
1774 2562 1805 2608 a
1827 2566 1912 2609 ton
1934 2561 2099 2624 egard

378 2628 508 2690 quali
545 2629 780 2690 perspicio
806 2636 853 2677 te
1174 2640 1266 2688 que
1281 2626 1333 2689 je
1355 2631 1457 2674 vois
1477 2629 1544 2676 toi

378 2707 496 2755 erga
522 2694 684 2741 illum.
769 2677 805 2712 ⁴
1173 2698 1264 2740 etro
1286 2709 1412 2756 pour
1435 2694 1527 2743 lui.

376 2758 549 2822 Itaque
571 2760 709 2807 doleo
1170 2760 1315 2807 Aussi
1332 2762 1384 2822 je
1402 2760 1638 2824 m’afflige

377 2827 610 2889 populum
640 2841 897 2875 romanum
1169 2826 1216 2872 le
1241 2828 1416 2889 peuple
1446 2829 1637 2875 romain

377 2906 539 2939 carere
560 2901 659 2938 tam
696 2892 784 2940 diu
1171 2895 1271 2940 &tre
1310 2895 1446 2956 prive
1481 2894 1651 2957 depuis
1686 2894 1726 2941 si
1750 2892 2024 2956 longtemps

380 2965 428 3006 et
453 2959 663 3006 oonsilio
681 2960 819 3007 illius
1171 2965 1219 3006 et
1243 2959 1326 3007 des
1350 2960 1579 3008 lumieres
1603 2960 1661 3007 de
1679 2960 1899 3016 celui-ci,

378 3034 426 3072 et
454 3034 539 3072 tua
570 3039 700 3088 voce,
1172 3033 1219 3072 et
1246 3027 1302 3072 de
1323 3034 1408 3074 ton
1431 3028 1709 3089 eloquence,

378 3092 511 3153 quod
530 3091 793 3138 dolendum
816 3095 889 3138 eat
1173 3106 1226 3138 ce
1250 3093 1333 3153 qui
1354 3103 1427 3139 est
1445 3093 1736 3155 regrettable

377 3172 526 3220 quum
549 3173 633 3220 per
654 3172 722 3215 se,
1172 3160 1573 3206 non-seulement
1602 3175 1660 3206 en
1697 3160 1787 3214 soi,

377 3233 484 3271 tum
504 3226 653 3271 etiam
677 3222 1006 3271 consideranti
1172 3226 1295 3271 mais
1319 3240 1491 3273 encore
1511 3222 2031 3288 pour-qui-considere

378 3290 442 3336 ad
466 3306 588 3353 quos
1172 3292 1202 3337 a
1227 3291 1411 3352 quelles
1436 3306 1555 3354 gens

379 3357 475 3403 iata
509 3372 607 3405 non
632 3358 871 3406 translata
889 3356 1007 3415 sint,
1172 3356 1524 3405 ces-fonctions
1548 3356 1689 3405 n’ont
1714 3370 1801 3419 pas
1821 3357 1896 3403 ete
1914 3354 2131 3413 remissos,

380 3421 465 3469 sed
487 3422 771 3473 devenerint
1173 3425 1296 3470 mais
1317 3435 1404 3470 ont
1425 3422 1550 3470 echu

382 3489 544 3535 nescio
567 3504 663 3551 quo
691 3495 849 3551 pacto.
1171 3488 1221 3549 je
1243 3498 1305 3535 ne
1330 3490 1424 3537 sais
1447 3488 1506 3537 de
1528 3488 1689 3551 quelle
1715 3487 1947 3536 maniere.

381 3580 448 3590 —
479 3555 572 3601 Hic
594 3557 806 3611 Atticus,
1239 3579 1307 3591 -
1328 3554 1471 3602 Alora
1493 3555 1705 3610 Atticus,

379 3618 632 3683 Dixeram‚
665 3622 837 3683 inquit,
1172 3620 1207 3670 J
1212 3621 1361 3668 'avais
1383 3621 1471 3679 dit,
1504 3621 1653 3677 dit-il,
