2592 4084
240 415 338 465 Sed
360 422 432 462 est
449 417 596 464 etiam
622 417 778 465 oratio

240 483 302 531 L.
325 483 489 530 Crassi

240 548 294 596 in
326 549 604 602 consulatu,

239 630 330 677 pro
354 615 417 673 Q.
442 614 686 677 Caepione,

241 696 341 728 non
365 681 547 727 brevis.

243 755 301 794 ut
323 745 562 804 laudatio,

238 813 422 875 juncta
439 813 732 870 defensione,

244 881 406 927 brevis
432 886 613 934 autem,

244 952 302 992 ut
320 945 497 993 oratio.

242 1011 498 1060 Postrema
525 1013 680 1060 oratio

242 1079 476 1135 censoris,

242 1158 343 1207 qua
362 1160 479 1192 usus
510 1152 580 1194 est

244 1225 378 1258 anno
413 1210 987 1274 duodequinquagesimo.

244 1274 458 1337 Quidam
481 1278 614 1327 color
625 1278 848 1327 veritatis

245 1343 355 1390 sine
381 1345 483 1390 ullo
510 1344 623 1393 fuco

244 1408 377 1456 inest
403 1410 454 1456 in
477 1409 555 1457 his
579 1411 834 1474 omnibusg

245 1475 369 1537 quin
397 1476 542 1524 etiam
566 1476 949 1540 comprehensio,

246 1550 295 1588 et
319 1542 530 1590 ambitus
551 1544 636 1592 ille
659 1543 933 1602 verborum,

247 1607 315 1669 (si
337 1609 496 1669 placet
516 1609 768 1672 periodum

245 1674 480 1736 appellari
498 1676 588 1734 sic)

246 1748 352 1788 erat
372 1741 501 1801 apud
523 1741 667 1789 illum

245 1814 527 1855 contractus
561 1814 609 1855 et
628 1807 815 1864 brevis3

243 1880 294 1918 et
316 1871 629 1935 dispertiebat
648 1873 897 1922 lubentius

245 1940 516 1986 orationem

242 2004 299 2051 in
325 2004 550 2066 quaedam
570 2006 803 2063 membra,

243 2085 357 2132 quae
383 2070 542 2119 Graeci
568 2081 742 2119 vocant
774 2075 916 2120 κῶλα.

315 2162 385 2172 -
403 2136 510 2184 Hoc
529 2138 637 2184 loco
650 2138 848 2189 Brutus.

242 2201 673 2264 Quandoquidem,
696 2202 873 2266 inquit,

246 2279 300 2316 tu
323 2268 494 2316 laudas
523 2277 771 2333 tantopere

246 2336 367 2383 istos
395 2343 628 2396 oratores,

249 2402 420 2449 vellem
446 2402 706 2480 placuisset
734 2402 953 2452 Antonio

250 2469 457 2515 scribere
480 2469 667 2531 ahquid

246 2543 421 2596 praeter
443 2535 584 2582 illum
609 2535 831 2584 libellum

247 2614 364 2646 sans
386 2602 560 2648 exilem

249 2664 307 2712 de
325 2667 513 2714 ratione
539 2667 750 2728 dicendi3

249 2730 420 2780 Crasso

251 2797 395 2860 plura
417 2815 431 2850 ς

248 2864 555 2926 reliquissent
574 2865 704 2914 enim
727 2866 954 2914 omnibus

249 2944 400 2991 quum
423 2931 708 2979 memoriam
732 2936 828 2990 sul,

251 3001 356 3044 tum
378 2997 525 3045 etiam

252 3061 556 3125 disciplinam
581 3062 790 3112 dicendi.

248 3126 373 3177 Nam
396 3129 631 3177 habemus

250 3195 543 3258 elegantiam
556 3194 745 3245 dicendi
756 3197 985 3247 Scaevolae

247 3263 366 3308 satis
388 3263 638 3325 cognitam

250 3341 311 3374 ex
334 3329 394 3374 iis
417 3329 720 3377 orationibus

249 3406 371 3455 quas
390 3395 599 3455 reliquit.

250 3483 315 3499 -
337 3458 401 3507 Et
422 3475 511 3523 ego
531 3462 752 3525 inquam,

2042 285 2067 339 κῖ

2075 285 2107 340 (ϊῶ

1042 298 1301 348 Bam-us.
2011 286 2025 337 ¹

1049 414 1173 463 Mais
1195 416 1230 462 il
1256 431 1289 476 y
1314 431 1345 462 a
1361 430 1531 465 encore
1555 433 1623 465 un
1644 417 1862 468 discours

1042 482 1103 528 dc
1125 480 1183 529 1..
1213 483 1413 529 Crassus

1040 546 1254 609 pendant
1278 564 1364 595 son
1385 551 1606 599 consulat

1040 628 1101 660 en
1129 613 1301 661 favour
1319 614 1377 661 de
1395 613 1457 676 Q.
1469 617 1661 679 Cepion,

1042 693 1141 726 non
1165 678 1645 743 de-peu-d’etcndue,

1043 758 1229 793 comme
1256 763 1324 793 un
1348 748 1517 810 eloge,

1043 814 1372 876 accompagn&
1395 813 1687 880 d’apologie‚

1043 877 1168 925 mais
1191 890 1332 926 court

1042 946 1470 995 comide'n'aeomme
1492 947 1758 1011 plaidoyer.

1046 1009 1114 1057 Le
1137 1010 1327 1058 dernier
1338 1013 1565 1062 discours
1587 1015 1664 1076 (de
1688 1015 1914 1075 Crassus)

1045 1090 1260 1135 censeur,

1048 1144 1170 1203 qu'il
1191 1160 1440 1208 prononca

1049 1207 1171 1257 dans
1206 1226 1259 1257 sa
1282 1213 1777 1272 quarente-huitieme
1797 1212 1970 1261 annes,

1045 1274 1239 1324 Certain
1265 1278 1443 1326 coloris
1473 1279 1531 1327 de
1555 1280 1704 1328 verite

1043 1356 1158 1389 suns
1177 1357 1338 1390 aucun
1361 1345 1467 1393 sard

1042 1409 1195 1456 existe
1220 1410 1344 1457 dans
1365 1418 1477 1459 tous
1503 1427 1581 1461 ces
1609 1416 1811 1461 discours
1831 1444 1846 1470 ‚

1039 1473 1151 1521 bien
1171 1476 1279 1537 plus
1303 1477 1638 1542 l'assernblage

1041 1548 1088 1586 et
1110 1555 1163 1588 ce
1187 1542 1363 1589 circuit
1391 1544 1449 1591 de
1472 1553 1616 1599 mots,

1041 1607 1139 1667 (s'il
1164 1610 1391 1657 convient
1411 1611 1464 1657 la
1496 1611 1692 1673 periodo

1041 1675 1141 1720 &tre
1163 1675 1359 1736 appelee
1377 1678 1522 1738 ainsi)

1038 1739 1156 1787 etait
1173 1741 1288 1787 chez
1317 1741 1389 1789 lui

1039 1806 1203 1853 concis
1225 1816 1274 1854 et
1297 1813 1439 1856 court
1451 1823 1467 1871 3

1039 1879 1088 1918 et
1109 1874 1146 1920 il
1165 1874 1361 1936 coupait
1384 1873 1789 1938 plus-volontiers

1040 1952 1109 1985 ses
1128 1938 1327 2001 phrases

1040 2018 1100 2051 en
1125 2006 1336 2053 certains
1358 2004 1613 2063 membres,

1039 2084 1131 2132 que
1151 2073 1218 2118 les
1240 2071 1389 2119 Grecs
1412 2071 1654 2133 appellent
1676 2075 1816 2122 κῶλα.

1103 2159 1170 2172 —-
1195 2140 1326 2186 Acet
1343 2135 1536 2185 endroit
1559 2137 1758 2194 BrutuS,

1039 2202 1269 2265 Puisque,
1296 2203 1445 2260 dit-il,

1042 2277 1097 2315 tu
1131 2270 1265 2317 lones
1289 2271 1570 2333 a-ce-point

1043 2350 1121 2383 ces
1146 2347 1382 2398 orateurs,

1039 2402 1090 2463 je
1112 2402 1342 2451 voudrais
1373 2403 1492 2465 qu'il
1522 2406 1604 2451 ent
1631 2404 1720 2466 ¹plu
1738 2405 1769 2452 a
1789 2405 2002 2454 Antoine

1043 2466 1242 2516 d'ecrire
1269 2470 1476 2532 quelque
1498 2468 1643 2518 chose

1043 2543 1270 2582 en-outre
1299 2536 1358 2583 de
1379 2551 1434 2583 ce
1456 2538 1575 2598 petit
1595 2537 1736 2584 truite

1043 2604 1342 2649 assurement
1366 2603 1525 2650 minoe

1042 2682 1125 2714 sur
1146 2669 1262 2716 l'art
1280 2670 1518 2723 oratoire;

1042 2737 1255 2791 qu'il-nu
1273 2739 1357 2793 plu
1377 2738 1407 2781 a
1429 2734 1631 2783 Crassus

1042 2800 1225 2848 d’e'crirs
1253 2802 1551 2865 davantag03

1041 2881 1125 2913 car
1148 2868 1211 2915 ils
1233 2870 1458 2915 auraient
1476 2869 1618 2916 laiss&
1649 2872 1679 2916 ὲ,
1697 2877 1806 2918 tous

1042 2934 1428 2983 non-seulement
1447 2950 1515 2983 un
1534 2938 1760 2986 souvenir
1784 2937 1845 2985 de
1867 2938 1959 2997 soi,

1041 3000 1164 3047 mais
1190 3015 1362 3048 encore

1042 3063 1123 3112 des
1162 3067 1377 3113 modeles
1411 3069 1660 3116 oratoires.

1040 3131 1134 3180 Car
1156 3147 1283 3180 nous
1304 3148 1457 3182 avons

1038 3197 1304 3261 l'elegance
1326 3200 1385 3246 de
1403 3200 1616 3263 langage
1640 3200 1700 3250 de
1722 3199 1923 3250 Scevola

1040 3279 1170 3312 assez
1195 3280 1388 3314 connue

1043 3330 1230 3392 d'apres
1251 3346 1330 3379 ces
1352 3333 1569 3379 discours

1043 3397 1163 3457 qu’il
1183 3412 1212 3442 a
1240 3398 1425 3444 laisses.

1045 3488 1112 3500 -
1137 3461 1197 3509 Et
1220 3464 1340 3522 moi,
1370 3462 1537 3527 dis-je,
