2592 4084
442 387 462 440 l
477 391 551 444 98
1222 407 1493 453 nnurus.

386 508 393 513 ’
432 520 549 570 tem
585 512 655 569 ab
696 521 937 580 oratore,
975 532 1170 584 neone,
1217 526 1282 577 ut
1313 521 1372 593 ii,
1413 522 1513 594 qui
1549 521 1795 594 audiant,
1825 524 1905 578 ita
1943 524 2280 593 afficiantur,

370 649 380 659 ,
434 617 498 667 ut
525 617 710 667 orator
724 609 884 683 velit,
914 612 1073 686 vulgi
1100 631 1332 671 assensu
1356 622 1413 673 et
1437 618 1694 689 populari
1729 618 2125 690 approbatione
2145 619 2284 691 judi·

432 707 548 764 oari
578 705 737 763 solet.
776 708 965 780 Itaque
995 725 1279 783 nunquam
1308 713 1376 768 de
1404 713 1548 770 bono
1576 720 1812 780 oratore,
1855 721 1950 770 aut
1977 731 2088 770 non
2114 715 2277 786 bonu,

433 803 612 861 doctis
638 803 955 860 hominibus
981 822 1108 862 oum
1134 809 1338 880 populo
1359 810 1633 867 dissensio
1666 812 1790 867 fuit.

501 904 564 957 L.
594 902 675 957 An
700 917 914 975 oenseS,
942 903 1075 960 dum
1103 904 1188 960 illi
1211 907 1530 980 viguerunt,
1550 925 1688 981 quos
1707 914 1832 965 ante
1857 908 1984 978 dixi,
2016 925 2128 963 non
2155 925 2280 964 eos-

435 1001 563 1056 dem
587 1001 795 1072 gradus
821 1006 1103 1058 oratorum
1133 1003 1287 1076 vulgi
1312 1005 1522 1077 judicio
1561 1013 1619 1061 et
1644 1006 1931 1061 doctorum
1960 1005 2177 1060 fuisse?
2205 1007 2281 1061 De

430 1098 632 1172 populo
666 1100 713 1155 si
750 1116 915 1173 quem
941 1100 1017 1156 ita
1041 1102 1354 1175 rogavisses
1379 1121 1394 1159 ε
1421 1102 1558 1171 Quis
1595 1107 1679 1158 est
1702 1103 1758 1157 in
1783 1102 1888 1159 hao
1913 1103 2137 1158 civitate
2166 1101 2281 1158 elo-

431 1197 868 1270 quentissimus?
891 1198 950 1254 in
972 1201 1204 1256 Antonio
1233 1206 1292 1256 et
1325 1201 1522 1256 Crasso
1552 1206 1650 1256 aut
1683 1199 1979 1271 dubitaret,
2006 1205 2103 1254 aut
2136 1200 2283 1254 huno

430 1295 597 1372 alius,
623 1297 784 1354 illum
814 1296 957 1352 alius
985 1296 1212 1353 diceret.
1256 1301 1502 1355 Nemone
1538 1296 1876 1369 Philippum,
1904 1301 2020 1352 tam
2055 1313 2284 1351 suavem

433 1403 729 1467 oratorem,
771 1398 886 1457 tam
923 1410 1177 1466 gravem,
1212 1399 1329 1450 tam
1367 1394 1631 1464 facetum,
1658 1394 1748 1450 his
1773 1395 2089 1466 anteferret,
2122 1411 2284 1466 quem

432 1496 650 1549 nosmet
667 1489 793 1562 ipsi,
821 1489 916 1562 qui
938 1489 1060 1546 haee
1086 1494 1205 1546 arte
1244 1489 1430 1563 aliqua
1454 1489 1715 1547 volumus
1741 1489 2070 1562 expendere,
2098 1491 2284 1562 proxi-

435 1603 588 1642 mum
616 1584 729 1640 illis
750 1584 923 1641 fuisse
947 1584 1223 1640 diximus?
1247 1587 1422 1641 Nemo
1448 1584 1800 1656 profect0.1d
1827 1585 1979 1640 enim
2006 1585 2189 1657 ipsum
2204 1590 2288 1641 est

434 1683 639 1740 summi
667 1682 923 1754 oratoris,
948 1697 1227 1737 summum
1256 1686 1529 1737 oratorem
1560 1681 1765 1753 populo
1790 1681 1988 1738 videri.
2014 1684 2193 1750 Quare
2214 1683 2285 1737 ti-

433 1781 594 1836 bicen
628 1780 990 1852 Antigenidas
1032 1777 1231 1836 dixerit
1270 1777 1539 1850 disoipulo
1582 1794 1714 1833 sane
1749 1776 1975 1850 frigenti
2011 1779 2084 1834 ad
2112 1795 2286 1850 popu-

435 1876 572 1951 lum,
603 1898 629 1931 α
653 1877 789 1933 Mihi
809 1893 944 1933 cane
964 1881 1020 1933 et
1039 1876 1245 1932 Musis:
1278 1894 1305 1927 »
1333 1891 1435 1949 ego
1454 1875 1584 1931 huic
1606 1878 1775 1935 Bruto
1799 1875 2025 1957 dicenti,
2046 1882 2108 1930 ut
2126 1875 2284 1945 solet,

436 2169 558 2215 non,
592 2169 678 2201 sur
713 2167 802 2202 son
831 2151 1072 2201 auditoire
1102 2153 1424 2216 l'impression
1460 2152 1581 2215 qu’il
1617 2152 1787 2210 desire,
1819 2152 1937 2200 o'est
1957 2167 2012 2200 ee
2047 2167 2141 2214 que
2175 2166 2293 2214 pro-

438 2245 650 2293 clament
670 2243 801 2291 seuls
822 2242 894 2291 188
919 2241 1154 2308 suffr-ages
1179 2243 1458 2306 populaires
1482 2249 1530 2291 et
1559 2244 1630 2290 les
1659 2241 2128 2306 applaudissements
2155 2240 2216 2289 de
2240 2242 2295 2290 1⁸

438 2332 717 2381 multitude.
740 2331 889 2382 Anasi
905 2332 958 2380 18
975 2333 1195 2396 question
1220 2332 1280 2380 de
1305 2332 1467 2380 saveir
1491 2330 1534 2378 si
1551 2346 1619 2378 un
1636 2337 1833 2379 orateur
1845 2337 1920 2378 est
1939 2329 2036 2377 bon
2057 2343 2121 2376 ou
2145 2342 2294 2378 mau—

438 2425 564 2485 vais,
591 2426 675 2474 n’a
691 2424 873 2487 jamnis
890 2426 1062 2473 trouve
1079 2424 1129 2473 18
1148 2424 1321 2489 peuple
1342 2429 1392 2472 et
1408 2424 1477 2472 188
1502 2420 1700 2471 seranta
1722 2420 1897 2470 divisos
1921 2419 2186 2483 d’opinion.

503 2514 562 2562 L.
598 2495 980 2577 Rapor'tez-vous
1016 2528 1080 2561 au
1125 2520 1279 2576 temps
1318 2514 1384 2561 οὺ,
1420 2510 1712 2560 florissaient
1749 2511 1820 2559 188
1850 2515 2068 2560 orateurs
2106 2509 2229 2557 dont
2245 2510 2296 2570 je

439 2600 575 2649 viena
601 2600 660 2649 de
683 2602 864 2664 parler.
888 2602 1221 2651 Pensa-vous
1258 2617 1350 2664 que
1373 2601 1421 2648 le
1451 2600 1675 2663 vulgaire
1692 2600 1815 2648 n’ait
1829 2614 1923 2663 pos
1945 2601 2140 2665 assigne
2160 2606 2296 2649 entre

440 2703 536 2736 eux
558 2688 629 2735 188
648 2693 827 2738 memes
845 2706 997 2755 range
1018 2706 1111 2754 que
1133 2691 1204 2739 les
1227 2686 1602 2738 connaisseurs?
1628 2688 1679 2738 Si
1702 2703 1821 2736 vous
1843 2689 2030 2737 eussiez
2056 2688 2293 2739 demanda}

441 2780 472 2826 8
507 2793 575 2824 un
601 2776 796 2826 homme
823 2778 890 2826 du
924 2781 1097 2843 peuple
1126 2780 1237 2842 quel
1273 2778 1394 2827 etait
1411 2778 1458 2826 18
1479 2778 1590 2840 plus
1608 2778 1836 2840 eloquent
1867 2778 1950 2827 des
1972 2780 2221 2837 Romains,
2259 2778 2294 2827 il

442 2867 526 2913 eat
564 2865 768 2914 balano&
798 2872 938 2915 entre
978 2867 1192 2915 Antoine
1239 2873 1285 2914 et
1335 2865 1557 2925 Croesus,
1596 2879 1661 2913 ou
1696 2865 1810 2913 bien
1841 2864 1949 2912 l’un
1974 2867 2057 2911 ent
2080 2860 2295 2929 repondu

443 2943 663 3008 erasm,
700 2958 749 3000 et
779 2951 957 3000 l’nntre
996 2955 1079 2999 eut
1121 2954 1316 3000 nomme
1338 2952 1567 3001 Antoine.
1600 2951 1867 3009 Personae,
1903 2931 2197 3005 direx-vous,
2235 2964 2297 2998 ne

442 3043 551 3088 leur
584 3041 735 3088 eut-il
774 3039 900 3089 done
936 3039 1122 3104 prefer-e
1173 3041 1417 3103 Philippo,
1477 3039 1623 3088 d’une
1674 3040 1935 3103 eloquenee
1966 3038 2009 3088 si
2049 3040 2216 3096 donee,
2254 3038 2296 3085 si

444 3143 610 3193 grave,
649 3129 692 3176 si
733 3128 953 3191 enjouee,
992 3127 1222 3192 Philippo
1255 3143 1350 3191 que
1378 3131 1728 3189 noun-memes,
1776 3118 1861 3191 'qui
1890 3128 2080 3177 aimone
2110 3130 2141 3175 ὲ,
2171 3141 2297 3175 nous

443 3215 616 3265 rendre
637 3220 827 3279 compte
855 3215 915 3264 de
936 3231 1027 3264 nos
1046 3215 1348 3281 jugements,
1372 3233 1523 3267 avons
1557 3218 1692 3281 place
1717 3216 2130 3265 immediatement
2157 3216 2298 3280 apres

443 3300 573 3350 eux?
612 3301 741 3362 Non,
792 3316 906 3351 sans
949 3302 1122 3362 doute3
1163 3318 1246 3352 oar
1266 3304 1384 3353 e'est
1408 3305 1454 3353 18
1475 3304 1709 3368 privilege
1728 3303 1796 3352 <lu
1815 3303 1977 3368 grand
1996 3311 2207 3360 orateur,
2238 3301 2299 3349 de

442 3394 654 3453 pax-mre
683 3390 862 3455 grand,
885 3393 1042 3441 meme
1062 3408 1162 3441 aux
1184 3407 1317 3455 yeux
1340 3392 1409 3441 du
1430 3392 1621 3455 peuple.
1641 3391 1710 3440 Le
1726 3391 1907 3455 Jouenr
1937 3391 1999 3440 (18
2017 3391 2137 3440 flate
2153 3392 2300 3440 Anti·

445 3480 646 3543 genidas
686 3494 717 3528 8
742 3480 868 3530 done
897 3496 964 3545 pu
997 3481 1099 3530 dire
1134 3484 1164 3529 ὲ
1199 3499 1267 3531 un
1299 3481 1358 3529 de
1381 3496 1455 3529 888
1485 3480 1711 3544 disciples
1733 3481 1818 3543 qui
1840 3478 2011 3528 n'etait
2038 3495 2125 3543 pas
2148 3481 2299 3545 gout&

446 3582 534 3627 par
554 3570 605 3616 18
627 3569 776 3631 foule,
814 3589 835 3614 ι
862 3570 1016 3621 Jouez
1042 3586 1164 3634 pour
1186 3572 1284 3620 moi
1307 3579 1354 3620 et
1382 3585 1505 3633 pour
1528 3570 1598 3618 188
1622 3570 1799 3619 Muses.
1828 3590 1853 3616 ι
1882 3570 2006 3618 Mais
2027 3571 2127 3618 moi
2148 3569 2200 3632 je
2220 3569 2301 3616 di-
