2592 4084
320 452 488 485 verum
515 435 601 497 qui
620 433 887 482 habuerint

318 503 522 551 omnino
544 515 742 559 nomen,

321 585 422 618 non
440 567 592 615 fuisse
616 568 688 613 ita
707 565 907 612 multos.

320 635 414 684 Sed
436 631 738 682 revertamur

324 700 385 749 ad
401 714 672 748 sermonem
693 696 992 746 institutum.

391 766 524 815 LXX
531 765 606 812 .T.
622 761 1037 826 Torquatus,F.T.
1048 797 1059 817 ‚

324 840 372 880 et
407 833 484 880 vir
507 832 679 878 doctus

325 914 388 957 ex
412 898 670 959 disciplina

324 963 522 1012 Rhodia
545 960 776 1022 Molonis,

326 1038 377 1078 et
395 1029 514 1078 satis
537 1028 725 1076 solutus

327 1107 474 1158 atque
494 1096 747 1158 expeditus

330 1179 362 1210 a
383 1172 563 1210 natura

329 1228 391 1276 ad
415 1227 673 1276 dicendum

322 1294 387 1359 (si
409 1294 512 1342 vita
537 1292 933 1356 suppeditavisset
966 1295 1063 1355 cui,

329 1359 520 1408 ambita
542 1360 757 1417 sublato,

330 1426 488 1476 faetus
506 1432 631 1474 esset
654 1429 868 1489 consul),

329 1491 503 1540 habuit
534 1494 644 1555 plus
667 1492 915 1543 facultatis

330 1558 393 1606 ad
422 1558 680 1607 dicendum

330 1639 475 1688 quain
500 1623 801 1689 voluntatis;

298 1727 307 1739 .
330 1691 493 1753 itaque
515 1705 614 1739 nou
640 1689 872 1738 satisfecit

332 1755 447 1806 huic
470 1757 653 1813 studio,

333 1822 488 1870 defuit
511 1837 624 1870 vero
648 1821 810 1869 officio

333 1903 424 1936 nec
448 1889 502 1935 in
525 1886 687 1935 causis

331 1969 534 2002 suorum
557 1954 961 2017 necessariorum,

331 2035 423 2067 nec
440 2019 491 2066 in
517 2019 757 2067 sententia
774 2021 1034 2070 senatoria.

332 2086 402 2132 M.
431 2083 687 2132 Pontidius
707 2086 871 2145 etiam,

334 2160 502 2200 noster
525 2151 795 2215 municeps,

334 2217 560 2265 actitavit
592 2217 776 2266 multas

332 2298 506 2332 causas
534 2283 768 2346 privatas,

333 2351 532 2397 volvens
553 2350 702 2396 verba

332 2417 553 2465 celeriter
575 2429 710 2473 sane,

332 2497 421 2530 nec
447 2482 591 2529 hebes
615 2481 670 2530 in
693 2481 873 2542 causis,

332 2549 408 2595 vel
429 2548 605 2607 dicam,

331 2613 444 2675 plus
467 2615 612 2662 etiam
627 2629 774 2678 quarn
795 2627 894 2660 non
904 2611 1067 2674 hebes,

333 2679 418 2726 sed
436 2679 748 2728 effervescens
763 2681 817 2728 in
841 2678 1066 2740 dicendo,

333 2760 459 2808 saepe
474 2746 807 2794 vehementius

334 2811 582 2859 stomacho
605 2812 969 2874 iracundiaque,

333 2885 390 2924 ut
423 2877 732 2926 contenderet
759 2892 886 2940 saepe
903 2877 1071 2941 jurgio

333 2958 432 2991 non
455 2945 613 2992 solum
635 2959 748 2992 cum
771 2944 1068 3000 adversario,

333 3009 419 3057 sed
441 3011 588 3058 etiam
631 3025 745 3059 cum
770 3010 935 3073 judice
965 3010 1072 3073 ipso

334 3075 485 3137 (quod
509 3083 634 3124 esset
653 3077 915 3139 mirabile),

331 3142 475 3204 cujus
496 3150 659 3191 orator

334 3205 472 3254 debet
496 3223 600 3256 esse
635 3208 883 3258 delinitor.

334 3273 403 3320 M.
432 3273 642 3322 Messala
666 3277 830 3324 minor
863 3283 983 3325 natu

336 3352 484 3398 quam
508 3356 615 3399 nos,

335 3403 478 3466 inops
499 3407 638 3454 nullo
667 3405 829 3464 modo,

336 3469 420 3517 sed
440 3485 538 3520 non
553 3473 700 3519 nimis
723 3478 924 3520 ornatus

618 3577 835 3617 BRUTUS

1117 317 1385 361 BRUTUS.
2055 311 2169 366 2⁷3

1120 433 1243 480 mais
1261 448 1343 493 que
1355 448 1477 480 ceux
1492 434 1576 496 qui
1600 441 1688 483 ont
1708 450 1772 485 su

1121 513 1179 545 en
1205 500 1403 561 general
1429 514 1494 545 un
1511 515 1644 557 nom,

1118 565 1311 625 n’avoir
1332 579 1419 627 pas
1454 567 1527 612 ete
1550 567 1648 613 fort
1678 568 1973 616 nombreux.

1118 630 1244 678 Mais
1269 644 1505 679 revenons

1119 699 1149 744 a
1182 697 1452 744 l'entretien
1478 699 1768 746 commence.

1185 762 1339 811 LXX.
1370 763 1430 812 T.
1452 764 1743 825 Torquatus,
1771 762 1851 812 fils
1875 765 1932 813 de
1963 767 2122 827 Titus,

1120 837 1169 876 et
1192 830 1387 876 homme
1413 831 1614 877 instruit

1121 895 1182 943 de
1203 896 1254 942 la
1278 901 1405 943 secte

1119 961 1402 1009 Rhodienne
1428 959 1484 1007 de
1505 960 1691 1018 Molon,

1119 1037 1166 1074 et
1193 1027 1797 1075 done-d’assez-d’aisance

1120 1102 1168 1141 et
1200 1094 1256 1141 de
1286 1095 1471 1140 facilite

1119 1174 1207 1223 par
1231 1161 1278 1206 la
1313 1171 1488 1207 nature

1118 1240 1241 1288 pour
1269 1227 1429 1289 parler

1122 1292 1183 1354 (si
1197 1293 1329 1339 lavis
1350 1290 1728 1339 avait-ets-asssz
1739 1291 1920 1354 longus
1943 1308 2065 1355 pour
2083 1292 2172 1355 lui,

1119 1359 1171 1406 la
1193 1358 1366 1420 brigne
1387 1359 1678 1420 supprimes,
2178 1365 2188 1373 ‘

1121 1424 1157 1472 il
1181 1426 1327 1471 serait
1345 1423 1527 1470 devenu
1551 1423 1763 1485 consul),

1122 1497 1204 1538 eut
1227 1490 1337 1553 plus
1363 1489 1421 1537 de
1443 1490 1595 1536 talent

1120 1571 1245 1619 pour
1279 1555 1439 1619 parler

1123 1636 1218 1683 que
1241 1621 1296 1669 de
1324 1622 1538 1675 volomus,

1123 1690 1240 1736 c'est
1274 1688 1514 1752 pom-quoi
1546 1689 1582 1734 il
1612 1704 1671 1734 ne
1689 1688 2021 1751 fit-pas-assez

1122 1769 1246 1817 pour
1264 1762 1389 1802 cette
1417 1755 1575 1811 effide,

1123 1822 1246 1868 mais
1260 1820 1300 1868 il
1319 1836 1375 1867 ns
1409 1835 1623 1882 manqua
1644 1822 1769 1869 ason
1792 1821 1973 1879 devoir,

1123 1888 1178 1934 ni
1205 1886 1328 1933 dans
1361 1887 1431 1934 les
1454 1888 1621 1949 proces

1125 1952 1187 2000 de'
1204 1967 1277 2001 ses
1312 1953 1452 2008 amis,
1806 2001 1813 2006 ,

1124 2020 1177 2066 ni
1205 2019 1325 2066 dans
1353 2020 1403 2065 la
1422 2017 1738 2066 deliberation
1764 2018 2014 2069 du-scnat.

1124 2085 1194 2131 M.
1220 2084 1476 2133 Pontidius
1493 2086 1643 2144 aussi,

1124 2157 1264 2199 notre
1286 2151 1622 2214 compatriote,

1122 2217 1286 2279 plaida
1320 2217 1575 2265 une-foule

1127 2283 1186 2330 de
1218 2298 1384 2330 causes
1402 2284 1605 2346 privas,

1125 2350 1607 2410 enoncant-de-suite
1635 2350 1707 2396 les
1730 2356 1859 2398 mots

1126 2415 1479 2481 avec-rapidite
1498 2422 1669 2471 certes,

1124 2482 1179 2530 ni
1201 2482 1351 2528 faible
1377 2481 1499 2528 dans
1513 2497 1578 2529 ses
1601 2480 1898 2544 plaidoyers,

1124 2550 1281 2596 meme
1294 2548 1347 2610 je
1368 2547 1514 2609 dirai‚

1125 2614 1237 2675 plus
1260 2618 1416 2660 meme
1438 2626 1529 2675 que
1555 2628 1654 2661 non
1678 2613 1846 2670 ‘'aible,

1123 2680 1250 2727 mais
1270 2679 1591 2727 s'echauffant
1607 2695 1666 2727 en
1689 2680 1883 2743 parlant

1124 2755 1334 2794 souvent
1357 2747 1739 2808 trop-vivement

1122 2827 1210 2876 par
1241 2814 1399 2860 colere
1420 2823 1467 2859 et
1489 2819 1852 2875 emportement,

1125 2893 1218 2940 que
1237 2880 1274 2926 il
1310 2878 1561 2927 cherchait
1589 2888 1793 2928 souvent
1811 2878 2025 2943 querens

1123 2944 1520 2993 non-seulement
1549 2948 1579 2993 'a
1601 2946 1925 3011 l’adversaire,

1125 3012 1248 3058 mais
1270 3026 1442 3058 encore
1463 3027 1527 3059 au
1557 3012 1680 3074 juge
1699 3013 1978 3072 lui-meme,

1125 3079 1201 3135 (ce
1231 3080 1312 3139 qui
1342 3080 1461 3125 etait
1474 3079 1751 3142 etonnant),

1126 3142 1244 3190 dont
1261 3144 1495 3191 l'orateur

1126 3203 1229 3256 doit
1258 3212 1358 3256 stre
1376 3210 1422 3255 le
1443 3209 1655 3258 flatteur.

1125 3275 1197 3322 M.
1226 3275 1436 3322 Messala
1458 3276 1734 3338 plustnne

1127 3355 1219 3402 que
1241 3357 1383 3397 nouS,

1126 3421 1306 3468 pauvre
1328 3423 1386 3454 en
1407 3422 1594 3455 aucune
1617 3409 1777 3471 facon,

1126 3473 1250 3520 mais
1284 3488 1370 3536 pas
1404 3480 1513 3536 trop
1538 3477 1655 3523 orne

1869 3564 1934 3615 1⁴3
