<?xml version="1.0" encoding="UTF-8"?>
<!DOCTYPE html PUBLIC "-//W3C//DTD XHTML 1.0 Transitional//EN"
    "http://www.w3.org/TR/xhtml1/DTD/xhtml1-transitional.dtd">
<html xmlns="http://www.w3.org/1999/xhtml" xml:lang="en" lang="en">
 <head>
  <title>
</title>
<meta http-equiv="Content-Type" content="text/html;charset=utf-8" />
  <meta name='ocr-system' content='tesseract 3.04.00' />
  <meta name='ocr-capabilities' content='ocr_page ocr_carea ocr_par ocr_line ocrx_word'/>
</head>
<body>
  <div class='ocr_page' id='page_1' title='image "./brutus03cicegoog/brutus03cicegoog_0130.png"; bbox 0 0 2592 4084; ppageno 0'>
   <div class='ocr_carea' id='block_1_1' title="bbox 376 349 1419 406">
    <p class='ocr_par' dir='ltr' id='par_1_1' title="bbox 376 349 1419 406">
     <span class='ocr_line' id='line_1_1' title="bbox 376 349 1419 406; baseline -0.005 -1"><span class='ocrx_word' id='word_1_1' title='bbox 376 350 402 406; x_wconf 85' lang='lat'>1</span> <span class='ocrx_word' id='word_1_2' title='bbox 419 350 441 403; x_wconf 92' lang='lat'>1</span> <span class='ocrx_word' id='word_1_3' title='bbox 457 349 491 403; x_wconf 91' lang='lat'>8</span> <span class='ocrx_word' id='word_1_4' title='bbox 1159 358 1419 404; x_wconf 66' lang='lat' dir='ltr'><strong>esurus,</strong></span> 
     </span>
    </p>
   </div>
   <div class='ocr_carea' id='block_1_2' title="bbox 361 472 2212 1991">
    <p class='ocr_par' dir='ltr' id='par_1_2' title="bbox 364 472 2210 1399">
     <span class='ocr_line' id='line_1_2' title="bbox 370 472 2207 552; baseline 0.004 -21"><span class='ocrx_word' id='word_1_5' title='bbox 370 491 520 546; x_wconf 73' lang='lat' dir='ltr'><strong>cepa,</strong></span> <span class='ocrx_word' id='word_1_6' title='bbox 545 473 634 531; x_wconf 82' lang='lat' dir='ltr'><strong>vel</strong></span> <span class='ocrx_word' id='word_1_7' title='bbox 658 472 889 528; x_wconf 84' lang='lat' dir='ltr'><strong>maxime</strong></span> <span class='ocrx_word' id='word_1_8' title='bbox 914 490 928 529; x_wconf 74' lang='grc' dir='ltr'><em>τ</em></span> <span class='ocrx_word' id='word_1_9' title='bbox 957 473 1308 544; x_wconf 79' lang='lat' dir='ltr'><strong>significabat</strong></span> <span class='ocrx_word' id='word_1_10' title='bbox 1328 474 1477 530; x_wconf 89' lang='lat' dir='ltr'><strong>enim</strong></span> <span class='ocrx_word' id='word_1_11' title='bbox 1498 490 1606 531; x_wconf 93' lang='lat' dir='ltr'><strong>non</strong></span> <span class='ocrx_word' id='word_1_12' title='bbox 1632 476 1980 547; x_wconf 83' lang='lat' dir='ltr'><strong>prudentiam</strong></span> <span class='ocrx_word' id='word_1_13' title='bbox 2002 483 2207 552; x_wconf 82' lang='lat' dir='ltr'><strong>selum,</strong></span> 
     </span>
     <span class='ocr_line' id='line_1_3' title="bbox 368 567 2210 642; baseline 0.004 -17"><span class='ocrx_word' id='word_1_14' title='bbox 368 569 486 641; x_wconf 83' lang='lat' dir='ltr'><strong>sed,</strong></span> <span class='ocrx_word' id='word_1_15' title='bbox 526 567 673 641; x_wconf 90' lang='lat' dir='ltr'><strong>quod</strong></span> <span class='ocrx_word' id='word_1_16' title='bbox 702 569 939 624; x_wconf 84' lang='lat' dir='ltr'><strong>maxime</strong></span> <span class='ocrx_word' id='word_1_17' title='bbox 981 584 1103 623; x_wconf 88' lang='lat' dir='ltr'><strong>rem</strong></span> <span class='ocrx_word' id='word_1_18' title='bbox 1141 570 1473 642; x_wconf 88' lang='lat' dir='ltr'><strong>continebat,</strong></span> <span class='ocrx_word' id='word_1_19' title='bbox 1519 569 1707 627; x_wconf 89' lang='lat' dir='ltr'><strong>fidem.</strong></span> <span class='ocrx_word' id='word_1_20' title='bbox 1746 574 1995 631; x_wconf 84' lang='lat' dir='ltr'><strong>Habebat</strong></span> <span class='ocrx_word' id='word_1_21' title='bbox 2035 576 2143 633; x_wconf 90' lang='lat' dir='ltr'><strong>hoc</strong></span> <span class='ocrx_word' id='word_1_22' title='bbox 2176 594 2210 633; x_wconf 89' lang='lat' dir='ltr'><strong>a</strong></span> 
     </span>
     <span class='ocr_line' id='line_1_4' title="bbox 367 665 2208 745; baseline 0.005 -26"><span class='ocrx_word' id='word_1_23' title='bbox 367 670 565 720; x_wconf 86' lang='lat' dir='ltr'><strong>natura</strong></span> <span class='ocrx_word' id='word_1_24' title='bbox 607 665 748 736; x_wconf 86' lang='lat' dir='ltr'><strong>ipsa,</strong></span> <span class='ocrx_word' id='word_1_25' title='bbox 778 665 926 736; x_wconf 87' lang='lat' dir='ltr'><strong>quod</strong></span> <span class='ocrx_word' id='word_1_26' title='bbox 962 681 996 721; x_wconf 86' lang='lat' dir='ltr'><strong>a</strong></span> <span class='ocrx_word' id='word_1_27' title='bbox 1038 665 1286 722; x_wconf 88' lang='lat' dir='ltr'><strong>doctrina</strong></span> <span class='ocrx_word' id='word_1_28' title='bbox 1313 682 1419 721; x_wconf 93' lang='lat' dir='ltr'><strong>non</strong></span> <span class='ocrx_word' id='word_1_29' title='bbox 1447 666 1607 724; x_wconf 90' lang='lat' dir='ltr'><strong>facile</strong></span> <span class='ocrx_word' id='word_1_30' title='bbox 1644 675 1857 739; x_wconf 89' lang='lat' dir='ltr'><strong>posset;</strong></span> <span class='ocrx_word' id='word_1_31' title='bbox 1895 688 2208 745; x_wconf 83' lang='lat' dir='ltr'><strong>quanquam</strong></span> 
     </span>
     <span class='ocr_line' id='line_1_5' title="bbox 366 761 2205 839; baseline 0.005 -22"><span class='ocrx_word' id='word_1_32' title='bbox 366 761 535 834; x_wconf 86' lang='lat' dir='ltr'><strong>hujus</strong></span> <span class='ocrx_word' id='word_1_33' title='bbox 551 778 772 835; x_wconf 88' lang='lat' dir='ltr'><strong>quoque</strong></span> <span class='ocrx_word' id='word_1_34' title='bbox 795 762 971 835; x_wconf 89' lang='lat' dir='ltr'><strong>ipsius</strong></span> <span class='ocrx_word' id='word_1_35' title='bbox 996 763 1102 835; x_wconf 88' lang='lat' dir='ltr'><strong>rei,</strong></span> <span class='ocrx_word' id='word_1_36' title='bbox 1129 763 1594 837; x_wconf 86' lang='lat' dir='ltr'><strong>quemadmodum</strong></span> <span class='ocrx_word' id='word_1_37' title='bbox 1613 766 1740 835; x_wconf 81' lang='lat' dir='ltr'><strong>sciS,</strong></span> <span class='ocrx_word' id='word_1_38' title='bbox 1762 775 2044 839; x_wconf 83' lang='lat' dir='ltr'><strong>praecepta</strong></span> <span class='ocrx_word' id='word_1_39' title='bbox 2059 776 2205 826; x_wconf 86' lang='lat' dir='ltr'><strong>sunt.</strong></span> 
     </span>
     <span class='ocr_line' id='line_1_6' title="bbox 366 859 2209 939; baseline 0.004 -24"><span class='ocrx_word' id='word_1_40' title='bbox 366 859 545 931; x_wconf 88' lang='lat' dir='ltr'><strong>Hujus</strong></span> <span class='ocrx_word' id='word_1_41' title='bbox 570 865 627 915; x_wconf 88' lang='lat' dir='ltr'><strong>et</strong></span> <span class='ocrx_word' id='word_1_42' title='bbox 649 860 925 916; x_wconf 88' lang='lat' dir='ltr'><strong>orationes</strong></span> <span class='ocrx_word' id='word_1_43' title='bbox 948 866 1096 932; x_wconf 88' lang='lat' dir='ltr'><strong>sunt,</strong></span> <span class='ocrx_word' id='word_1_44' title='bbox 1128 866 1186 916; x_wconf 93' lang='lat' dir='ltr'><strong>et</strong></span> <span class='ocrx_word' id='word_1_45' title='bbox 1211 867 1325 917; x_wconf 87' lang='lat' dir='ltr'><strong>tres</strong></span> <span class='ocrx_word' id='word_1_46' title='bbox 1351 861 1420 916; x_wconf 92' lang='lat' dir='ltr'><strong>ad</strong></span> <span class='ocrx_word' id='word_1_47' title='bbox 1449 866 1510 920; x_wconf 91' lang='lat' dir='ltr'><strong>L.</strong></span> <span class='ocrx_word' id='word_1_48' title='bbox 1537 862 1811 919; x_wconf 88' lang='lat' dir='ltr'><strong>Fufidium</strong></span> <span class='ocrx_word' id='word_1_49' title='bbox 1839 864 1989 938; x_wconf 87' lang='lat' dir='ltr'>libri,</span> <span class='ocrx_word' id='word_1_50' title='bbox 2019 867 2209 939; x_wconf 89' lang='lat' dir='ltr'><strong>scripti</strong></span> 
     </span>
     <span class='ocr_line' id='line_1_7' title="bbox 369 957 2210 1034; baseline 0.003 -21"><span class='ocrx_word' id='word_1_51' title='bbox 369 957 438 1013; x_wconf 89' lang='lat' dir='ltr'><strong>de</strong></span> <span class='ocrx_word' id='word_1_52' title='bbox 467 957 580 1014; x_wconf 86' lang='lat' dir='ltr'><strong>vita</strong></span> <span class='ocrx_word' id='word_1_53' title='bbox 606 957 777 1029; x_wconf 87' lang='lat' dir='ltr'><strong>ipsius</strong></span> <span class='ocrx_word' id='word_1_54' title='bbox 819 962 962 1030; x_wconf 86' lang='lat' dir='ltr'><strong>acta,</strong></span> <span class='ocrx_word' id='word_1_55' title='bbox 1000 974 1134 1015; x_wconf 89' lang='lat' dir='ltr'><strong>sane</strong></span> <span class='ocrx_word' id='word_1_56' title='bbox 1170 958 1358 1021; x_wconf 83' lang='lat' dir='ltr'><strong>utiles,</strong></span> <span class='ocrx_word' id='word_1_57' title='bbox 1404 975 1542 1031; x_wconf 89' lang='lat' dir='ltr'><strong>quos</strong></span> <span class='ocrx_word' id='word_1_58' title='bbox 1571 976 1733 1016; x_wconf 91' lang='lat' dir='ltr'><strong>nemo</strong></span> <span class='ocrx_word' id='word_1_59' title='bbox 1773 958 1940 1033; x_wconf 83' lang='lat' dir='ltr'><strong>legit3</strong></span> <span class='ocrx_word' id='word_1_60' title='bbox 1996 969 2052 1018; x_wconf 88' lang='lat' dir='ltr'><strong>at</strong></span> <span class='ocrx_word' id='word_1_61' title='bbox 2085 964 2210 1034; x_wconf 84' lang='lat' dir='ltr'><strong>Cyri</strong></span> 
     </span>
     <span class='ocr_line' id='line_1_8' title="bbox 371 1053 2209 1131; baseline 0.002 -20"><span class='ocrx_word' id='word_1_62' title='bbox 371 1055 541 1129; x_wconf 80' lang='lat' dir='ltr'><strong>vitam</strong></span> <span class='ocrx_word' id='word_1_63' title='bbox 581 1059 637 1110; x_wconf 88' lang='lat' dir='ltr'><strong>et</strong></span> <span class='ocrx_word' id='word_1_64' title='bbox 675 1053 1022 1126; x_wconf 82' lang='lat' dir='ltr'><strong>disciplinam</strong></span> <span class='ocrx_word' id='word_1_65' title='bbox 1053 1054 1266 1126; x_wconf 84' lang='lat' dir='ltr'><strong>legunt,</strong></span> <span class='ocrx_word' id='word_1_66' title='bbox 1295 1056 1620 1125; x_wconf 84' lang='lat' dir='ltr'><strong>praeclaram</strong></span> <span class='ocrx_word' id='word_1_67' title='bbox 1655 1054 1811 1113; x_wconf 87' lang='lat' dir='ltr'><strong>illam</strong></span> <span class='ocrx_word' id='word_1_68' title='bbox 1839 1059 2083 1131; x_wconf 81' lang='lat' dir='ltr'><strong>quidem,</strong></span> <span class='ocrx_word' id='word_1_69' title='bbox 2114 1060 2209 1115; x_wconf 84' lang='lat' dir='ltr'><strong>sed</strong></span> 
     </span>
     <span class='ocr_line' id='line_1_9' title="bbox 365 1150 2210 1223; baseline 0.002 -17"><span class='ocrx_word' id='word_1_70' title='bbox 365 1164 546 1223; x_wconf 86' lang='lat' dir='ltr'><strong>neque</strong></span> <span class='ocrx_word' id='word_1_71' title='bbox 573 1154 690 1206; x_wconf 85' lang='lat' dir='ltr'><strong>tam</strong></span> <span class='ocrx_word' id='word_1_72' title='bbox 716 1151 880 1207; x_wconf 88' lang='lat' dir='ltr'><strong>rebus</strong></span> <span class='ocrx_word' id='word_1_73' title='bbox 908 1150 1108 1207; x_wconf 85' lang='lat' dir='ltr'><strong>nostris</strong></span> <span class='ocrx_word' id='word_1_74' title='bbox 1138 1157 1346 1222; x_wconf 83' lang='lat' dir='ltr'><strong>aptam,</strong></span> <span class='ocrx_word' id='word_1_75' title='bbox 1376 1167 1477 1207; x_wconf 90' lang='lat' dir='ltr'><strong>nec</strong></span> <span class='ocrx_word' id='word_1_76' title='bbox 1505 1157 1692 1208; x_wconf 85' lang='lat' dir='ltr'><strong>tamen</strong></span> <span class='ocrx_word' id='word_1_77' title='bbox 1724 1153 1916 1209; x_wconf 88' lang='lat' dir='ltr'><strong>Scauri</strong></span> <span class='ocrx_word' id='word_1_78' title='bbox 1955 1155 2210 1211; x_wconf 89' lang='lat' dir='ltr'><strong>laudibus</strong></span> 
     </span>
     <span class='ocr_line' id='line_1_10' title="bbox 365 1246 2208 1322; baseline 0.002 -19"><span class='ocrx_word' id='word_1_79' title='bbox 365 1247 826 1319; x_wconf 81' lang='lat' dir='ltr'><strong>anteponendam.</strong></span> <span class='ocrx_word' id='word_1_80' title='bbox 869 1249 994 1319; x_wconf 84' lang='lat' dir='ltr'><strong>lpse</strong></span> <span class='ocrx_word' id='word_1_81' title='bbox 1038 1246 1209 1304; x_wconf 86' lang='lat' dir='ltr'><strong>etiam</strong></span> <span class='ocrx_word' id='word_1_82' title='bbox 1251 1247 1499 1304; x_wconf 86' lang='lat' dir='ltr'><strong>Fufidius</strong></span> <span class='ocrx_word' id='word_1_83' title='bbox 1534 1248 1591 1303; x_wconf 92' lang='lat' dir='ltr'><strong>in</strong></span> <span class='ocrx_word' id='word_1_84' title='bbox 1631 1248 1816 1322; x_wconf 89' lang='lat' dir='ltr'><strong>aliquo</strong></span> <span class='ocrx_word' id='word_1_85' title='bbox 1852 1256 2208 1321; x_wconf 80' lang='lat' dir='ltr'><strong>patronorum</strong></span> 
     </span>
     <span class='ocr_line' id='line_1_11' title="bbox 364 1341 747 1399; baseline 0 -1"><span class='ocrx_word' id='word_1_86' title='bbox 364 1357 596 1399; x_wconf 86' lang='lat' dir='ltr'><strong>numero</strong></span> <span class='ocrx_word' id='word_1_87' title='bbox 624 1341 747 1398; x_wconf 85' lang='lat' dir='ltr'><strong>fuit.</strong></span> 
     </span>
    </p>

    <p class='ocr_par' dir='ltr' id='par_1_3' title="bbox 361 1435 2212 1991">
     <span class='ocr_line' id='line_1_12' title="bbox 434 1435 2208 1510; baseline 0.002 -18"><span class='ocrx_word' id='word_1_88' title='bbox 434 1439 593 1492; x_wconf 88' lang='lat' dir='ltr'>XXX.</span> <span class='ocrx_word' id='word_1_89' title='bbox 630 1435 873 1493; x_wconf 85' lang='lat' dir='ltr'><strong>Rutilius</strong></span> <span class='ocrx_word' id='word_1_90' title='bbox 910 1442 1095 1494; x_wconf 87' lang='lat' dir='ltr'><strong>autem</strong></span> <span class='ocrx_word' id='word_1_91' title='bbox 1136 1438 1195 1492; x_wconf 92' lang='lat' dir='ltr'><strong>in</strong></span> <span class='ocrx_word' id='word_1_92' title='bbox 1230 1436 1466 1509; x_wconf 89' lang='lat' dir='ltr'><strong>quodam</strong></span> <span class='ocrx_word' id='word_1_93' title='bbox 1500 1436 1646 1493; x_wconf 80' lang='lat' dir='ltr'><strong>tristi</strong></span> <span class='ocrx_word' id='word_1_94' title='bbox 1680 1444 1735 1494; x_wconf 92' lang='lat' dir='ltr'><strong>et</strong></span> <span class='ocrx_word' id='word_1_95' title='bbox 1772 1454 1964 1497; x_wconf 85' lang='lat' dir='ltr'><strong>severo</strong></span> <span class='ocrx_word' id='word_1_96' title='bbox 2001 1455 2208 1510; x_wconf 80' lang='lat' dir='ltr'><strong>genere</strong></span> 
     </span>
     <span class='ocr_line' id='line_1_13' title="bbox 367 1530 2205 1607; baseline 0.002 -20"><span class='ocrx_word' id='word_1_97' title='bbox 367 1530 587 1589; x_wconf 85' lang='lat' dir='ltr'><strong>dicendi</strong></span> <span class='ocrx_word' id='word_1_98' title='bbox 621 1539 876 1591; x_wconf 82' lang='lat' dir='ltr'><strong>versatus</strong></span> <span class='ocrx_word' id='word_1_99' title='bbox 901 1541 1015 1606; x_wconf 82' lang='lat' dir='ltr'><strong>est3</strong></span> <span class='ocrx_word' id='word_1_100' title='bbox 1055 1540 1112 1591; x_wconf 90' lang='lat' dir='ltr'><strong>et</strong></span> <span class='ocrx_word' id='word_1_101' title='bbox 1143 1540 1378 1607; x_wconf 87' lang='lat' dir='ltr'><strong>uterque</strong></span> <span class='ocrx_word' id='word_1_102' title='bbox 1414 1539 1611 1591; x_wconf 85' lang='lat' dir='ltr'><strong>natura</strong></span> <span class='ocrx_word' id='word_1_103' title='bbox 1649 1534 1948 1591; x_wconf 86' lang='lat' dir='ltr'><strong>vehemens</strong></span> <span class='ocrx_word' id='word_1_104' title='bbox 1974 1541 2030 1590; x_wconf 87' lang='lat' dir='ltr'><strong>et</strong></span> <span class='ocrx_word' id='word_1_105' title='bbox 2053 1551 2205 1592; x_wconf 88' lang='lat' dir='ltr'><strong>acer.</strong></span> 
     </span>
     <span class='ocr_line' id='line_1_14' title="bbox 363 1629 2209 1705; baseline 0.003 -22"><span class='ocrx_word' id='word_1_106' title='bbox 363 1630 557 1701; x_wconf 86' lang='lat' dir='ltr'><strong>Itaque</strong></span> <span class='ocrx_word' id='word_1_107' title='bbox 576 1645 749 1702; x_wconf 89' lang='lat' dir='ltr'><strong>quum</strong></span> <span class='ocrx_word' id='word_1_108' title='bbox 767 1646 880 1687; x_wconf 90' lang='lat' dir='ltr'><strong>una</strong></span> <span class='ocrx_word' id='word_1_109' title='bbox 898 1629 1244 1688; x_wconf 85' lang='lat' dir='ltr'><strong>consulatum</strong></span> <span class='ocrx_word' id='word_1_110' title='bbox 1269 1631 1619 1703; x_wconf 82' lang='lat' dir='ltr'><strong>petivissent,</strong></span> <span class='ocrx_word' id='word_1_111' title='bbox 1645 1648 1750 1688; x_wconf 91' lang='lat' dir='ltr'><strong>non</strong></span> <span class='ocrx_word' id='word_1_112' title='bbox 1771 1632 1865 1689; x_wconf 89' lang='lat' dir='ltr'><strong>ille</strong></span> <span class='ocrx_word' id='word_1_113' title='bbox 1886 1632 2088 1703; x_wconf 87' lang='lat' dir='ltr'><strong>solum,</strong></span> <span class='ocrx_word' id='word_1_114' title='bbox 2111 1633 2209 1705; x_wconf 90' lang='lat' dir='ltr'><strong>qui</strong></span> 
     </span>
     <span class='ocr_line' id='line_1_15' title="bbox 363 1725 2210 1799; baseline 0.002 -19"><span class='ocrx_word' id='word_1_115' title='bbox 363 1725 642 1796; x_wconf 84' lang='lat' dir='ltr'><strong>repulsam</strong></span> <span class='ocrx_word' id='word_1_116' title='bbox 667 1725 889 1799; x_wconf 86' lang='lat' dir='ltr'><strong>tulerat,</strong></span> <span class='ocrx_word' id='word_1_117' title='bbox 925 1726 1207 1783; x_wconf 87' lang='lat' dir='ltr'><strong>accusavit</strong></span> <span class='ocrx_word' id='word_1_118' title='bbox 1236 1726 1476 1782; x_wconf 86' lang='lat' dir='ltr'><strong>ambitus</strong></span> <span class='ocrx_word' id='word_1_119' title='bbox 1504 1726 1852 1798; x_wconf 84' lang='lat' dir='ltr'><strong>designatum</strong></span> <span class='ocrx_word' id='word_1_120' title='bbox 1881 1728 2210 1799; x_wconf 86' lang='lat' dir='ltr'><strong>competito-</strong></span> 
     </span>
     <span class='ocr_line' id='line_1_16' title="bbox 361 1821 2206 1895; baseline 0.001 -16"><span class='ocrx_word' id='word_1_121' title='bbox 361 1836 503 1894; x_wconf 82' lang='lat' dir='ltr'><strong>rem,</strong></span> <span class='ocrx_word' id='word_1_122' title='bbox 530 1821 631 1879; x_wconf 86' lang='lat' dir='ltr'><strong>sed</strong></span> <span class='ocrx_word' id='word_1_123' title='bbox 660 1824 897 1878; x_wconf 77' lang='lat' dir='ltr'><strong>Scaurus</strong></span> <span class='ocrx_word' id='word_1_124' title='bbox 926 1822 1095 1878; x_wconf 89' lang='lat' dir='ltr'><strong>etiam</strong></span> <span class='ocrx_word' id='word_1_125' title='bbox 1120 1821 1404 1877; x_wconf 85' lang='lat' dir='ltr'><strong>absolutus</strong></span> <span class='ocrx_word' id='word_1_126' title='bbox 1427 1822 1699 1878; x_wconf 88' lang='lat' dir='ltr'><strong>Rutilium</strong></span> <span class='ocrx_word' id='word_1_127' title='bbox 1724 1822 1783 1878; x_wconf 93' lang='lat' dir='ltr'><strong>in</strong></span> <span class='ocrx_word' id='word_1_128' title='bbox 1805 1822 2079 1895; x_wconf 87' lang='lat' dir='ltr'><strong>judicium</strong></span> <span class='ocrx_word' id='word_1_129' title='bbox 2103 1838 2206 1880; x_wconf 83' lang='lat' dir='ltr'><strong>vo·</strong></span> 
     </span>
     <span class='ocr_line' id='line_1_17' title="bbox 365 1917 2212 1991; baseline -0.001 -16"><span class='ocrx_word' id='word_1_130' title='bbox 365 1917 528 1976; x_wconf 81' lang='lat' dir='ltr'><strong>cavit.</strong></span> <span class='ocrx_word' id='word_1_131' title='bbox 552 1918 835 1991; x_wconf 89' lang='lat' dir='ltr'><strong>Multaque</strong></span> <span class='ocrx_word' id='word_1_132' title='bbox 854 1934 1043 1991; x_wconf 83' lang='lat' dir='ltr'><strong>opera,</strong></span> <span class='ocrx_word' id='word_1_133' title='bbox 1068 1918 1355 1990; x_wconf 88' lang='lat' dir='ltr'><strong>multaque</strong></span> <span class='ocrx_word' id='word_1_134' title='bbox 1374 1917 1645 1976; x_wconf 83' lang='lat' dir='ltr'><strong>industria</strong></span> <span class='ocrx_word' id='word_1_135' title='bbox 1661 1918 1902 1974; x_wconf 87' lang='lat' dir='ltr'><strong>Rutilius</strong></span> <span class='ocrx_word' id='word_1_136' title='bbox 1921 1918 2060 1990; x_wconf 84' lang='lat' dir='ltr'><strong>fuit3</strong></span> <span class='ocrx_word' id='word_1_137' title='bbox 2086 1933 2212 1991; x_wconf 81' lang='lat' dir='ltr'><strong>quae</strong></span> 
     </span>
    </p>
   </div>
   <div class='ocr_carea' id='block_1_3' title="bbox 318 2086 2215 3576">
    <p class='ocr_par' dir='ltr' id='par_1_4' title="bbox 318 2086 2215 3576">
     <span class='ocr_line' id='line_1_18' title="bbox 364 2086 2207 2150; baseline -0.002 -12"><span class='ocrx_word' id='word_1_138' title='bbox 364 2103 450 2138; x_wconf 79' lang='lat' dir='ltr'><strong>rue</strong></span> <span class='ocrx_word' id='word_1_139' title='bbox 482 2089 705 2150; x_wconf 81' lang='lat' dir='ltr'><strong>occupait</strong></span> <span class='ocrx_word' id='word_1_140' title='bbox 741 2087 796 2135; x_wconf 91' lang='lat' dir='ltr'><strong>la</strong></span> <span class='ocrx_word' id='word_1_141' title='bbox 822 2086 1060 2150; x_wconf 73' lang='lat' dir='ltr'><strong>premiere</strong></span> <span class='ocrx_word' id='word_1_142' title='bbox 1081 2088 1234 2148; x_wconf 84' lang='lat' dir='ltr'><strong>place.</strong></span> <span class='ocrx_word' id='word_1_143' title='bbox 1262 2086 1309 2136; x_wconf 90' lang='lat' dir='ltr'><strong>Il</strong></span> <span class='ocrx_word' id='word_1_144' title='bbox 1332 2087 1557 2149; x_wconf 81' lang='lat' dir='ltr'><strong>prouvait</strong></span> <span class='ocrx_word' id='word_1_145' title='bbox 1579 2088 1611 2134; x_wconf 71' lang='lat' dir='ltr'><strong>a</strong></span> <span class='ocrx_word' id='word_1_146' title='bbox 1639 2087 1691 2135; x_wconf 87' lang='lat' dir='ltr'><strong>la</strong></span> <span class='ocrx_word' id='word_1_147' title='bbox 1723 2086 1817 2135; x_wconf 82' lang='lat' dir='ltr'><strong>fois</strong></span> <span class='ocrx_word' id='word_1_148' title='bbox 1848 2086 1921 2135; x_wconf 85' lang='lat' dir='ltr'><strong>les</strong></span> <span class='ocrx_word' id='word_1_149' title='bbox 1959 2086 2207 2143; x_wconf 75' lang='lat' dir='ltr'><strong>lumieres,</strong></span> 
     </span>
     <span class='ocr_line' id='line_1_19' title="bbox 365 2178 2209 2243; baseline -0.001 -13"><span class='ocrx_word' id='word_1_150' title='bbox 365 2186 428 2238; x_wconf 82' lang='lat' dir='ltr'><strong>et,</strong></span> <span class='ocrx_word' id='word_1_151' title='bbox 454 2194 508 2230; x_wconf 85' lang='lat' dir='ltr'><strong>ce</strong></span> <span class='ocrx_word' id='word_1_152' title='bbox 541 2179 628 2243; x_wconf 88' lang='lat' dir='ltr'><strong>qui</strong></span> <span class='ocrx_word' id='word_1_153' title='bbox 652 2178 772 2228; x_wconf 75' lang='lat' dir='ltr'><strong>etait</strong></span> <span class='ocrx_word' id='word_1_154' title='bbox 790 2178 902 2242; x_wconf 86' lang='lat' dir='ltr'><strong>plus</strong></span> <span class='ocrx_word' id='word_1_155' title='bbox 925 2179 1165 2240; x_wconf 73' lang='lat' dir='ltr'><strong>essentiel,</strong></span> <span class='ocrx_word' id='word_1_156' title='bbox 1193 2179 1245 2228; x_wconf 90' lang='lat' dir='ltr'><strong>la</strong></span> <span class='ocrx_word' id='word_1_157' title='bbox 1260 2180 1424 2228; x_wconf 86' lang='lat' dir='ltr'><strong>bonne</strong></span> <span class='ocrx_word' id='word_1_158' title='bbox 1452 2179 1522 2230; x_wconf 82' lang='lat' dir='ltr'><strong>foi</strong></span> <span class='ocrx_word' id='word_1_159' title='bbox 1544 2179 1603 2227; x_wconf 89' lang='lat' dir='ltr'><strong>de</strong></span> <span class='ocrx_word' id='word_1_160' title='bbox 1623 2180 1873 2229; x_wconf 84' lang='lat' dir='ltr'><strong>l’orateur.</strong></span> <span class='ocrx_word' id='word_1_161' title='bbox 1904 2178 2114 2229; x_wconf 76' lang='lat' dir='ltr'><strong>Scaurus</strong></span> <span class='ocrx_word' id='word_1_162' title='bbox 2135 2187 2209 2229; x_wconf 77' lang='lat' dir='ltr'><strong>te·</strong></span> 
     </span>
     <span class='ocr_line' id='line_1_20' title="bbox 365 2272 2210 2336; baseline -0.001 -13"><span class='ocrx_word' id='word_1_163' title='bbox 365 2273 472 2323; x_wconf 71' lang='lat' dir='ltr'><strong>nsit</strong></span> <span class='ocrx_word' id='word_1_164' title='bbox 495 2273 553 2320; x_wconf 89' lang='lat' dir='ltr'><strong>de</strong></span> <span class='ocrx_word' id='word_1_165' title='bbox 577 2272 627 2320; x_wconf 90' lang='lat' dir='ltr'><strong>la</strong></span> <span class='ocrx_word' id='word_1_166' title='bbox 645 2278 819 2321; x_wconf 86' lang='lat' dir='ltr'><strong>nature</strong></span> <span class='ocrx_word' id='word_1_167' title='bbox 840 2286 895 2321; x_wconf 87' lang='lat' dir='ltr'><strong>ce</strong></span> <span class='ocrx_word' id='word_1_168' title='bbox 918 2273 1147 2335; x_wconf 75' lang='lat' dir='ltr'><strong>precieux</strong></span> <span class='ocrx_word' id='word_1_169' title='bbox 1174 2279 1415 2335; x_wconf 79' lang='lat' dir='ltr'><strong>avantage</strong></span> <span class='ocrx_word' id='word_1_170' title='bbox 1437 2286 1529 2336; x_wconf 88' lang='lat' dir='ltr'><strong>que</strong></span> <span class='ocrx_word' id='word_1_171' title='bbox 1553 2272 1667 2321; x_wconf 82' lang='lat' dir='ltr'><strong>l’att</strong></span> <span class='ocrx_word' id='word_1_172' title='bbox 1695 2287 1757 2320; x_wconf 89' lang='lat' dir='ltr'><strong>ne</strong></span> <span class='ocrx_word' id='word_1_173' title='bbox 1786 2272 1945 2322; x_wconf 85' lang='lat' dir='ltr'><strong>donne</strong></span> <span class='ocrx_word' id='word_1_174' title='bbox 1966 2275 2118 2336; x_wconf 86' lang='lat' dir='ltr'><strong>point.</strong></span> <span class='ocrx_word' id='word_1_175' title='bbox 2143 2273 2210 2322; x_wconf 86' lang='lat' dir='ltr'><strong>Ce</strong></span> 
     </span>
     <span class='ocr_line' id='line_1_21' title="bbox 340 2364 2210 2444; baseline -0.001 -30"><span class='ocrx_word' id='word_1_176' title='bbox 340 2365 490 2444; x_wconf 25' lang='lat' dir='ltr'><strong>*n’est</strong></span> <span class='ocrx_word' id='word_1_177' title='bbox 510 2380 597 2429; x_wconf 86' lang='lat' dir='ltr'><strong>pas</strong></span> <span class='ocrx_word' id='word_1_178' title='bbox 622 2379 715 2428; x_wconf 88' lang='lat' dir='ltr'><strong>que</strong></span> <span class='ocrx_word' id='word_1_179' title='bbox 735 2365 870 2429; x_wconf 83' lang='lat' dir='ltr'><strong>l’art,</strong></span> <span class='ocrx_word' id='word_1_180' title='bbox 895 2380 1084 2413; x_wconf 87' lang='lat' dir='ltr'><strong>comme</strong></span> <span class='ocrx_word' id='word_1_181' title='bbox 1112 2380 1233 2415; x_wconf 82' lang='lat' dir='ltr'><strong>vous</strong></span> <span class='ocrx_word' id='word_1_182' title='bbox 1255 2381 1414 2425; x_wconf 79' lang='lat' dir='ltr'><strong>savez,</strong></span> <span class='ocrx_word' id='word_1_183' title='bbox 1447 2365 1632 2414; x_wconf 75' lang='lat' dir='ltr'><strong>n’eleve</strong></span> <span class='ocrx_word' id='word_1_184' title='bbox 1646 2364 1899 2429; x_wconf 72' lang='lat' dir='ltr'><strong>jusque-la</strong></span> <span class='ocrx_word' id='word_1_185' title='bbox 1913 2373 1989 2413; x_wconf 85' lang='lat' dir='ltr'><strong>ses</strong></span> <span class='ocrx_word' id='word_1_186' title='bbox 2012 2367 2210 2428; x_wconf 78' lang='lat' dir='ltr'><strong>preten-</strong></span> 
     </span>
     <span class='ocr_line' id='line_1_22' title="bbox 318 2456 2211 2520; baseline -0.002 -14"><span class='ocrx_word' id='word_1_187' title='bbox 318 2513 323 2517; x_wconf 50' lang='grc'><em>,</em></span> <span class='ocrx_word' id='word_1_188' title='bbox 361 2458 510 2506; x_wconf 79' lang='lat' dir='ltr'><strong>tiens.</strong></span> <span class='ocrx_word' id='word_1_189' title='bbox 541 2457 586 2508; x_wconf 92' lang='lat'><strong>11</strong></span> <span class='ocrx_word' id='word_1_190' title='bbox 623 2456 778 2506; x_wconf 77' lang='lat' dir='ltr'><strong>existe</strong></span> <span class='ocrx_word' id='word_1_191' title='bbox 801 2457 859 2506; x_wconf 85' lang='lat' dir='ltr'><strong>de</strong></span> <span class='ocrx_word' id='word_1_192' title='bbox 879 2456 1090 2506; x_wconf 79' lang='lat' dir='ltr'><strong>Scaurus</strong></span> <span class='ocrx_word' id='word_1_193' title='bbox 1132 2457 1216 2505; x_wconf 84' lang='lat' dir='ltr'><strong>des</strong></span> <span class='ocrx_word' id='word_1_194' title='bbox 1250 2457 1500 2516; x_wconf 79' lang='lat' dir='ltr'><strong>discours,</strong></span> <span class='ocrx_word' id='word_1_195' title='bbox 1535 2463 1584 2506; x_wconf 79' lang='lat' dir='ltr'><strong>et</strong></span> <span class='ocrx_word' id='word_1_196' title='bbox 1609 2472 1665 2505; x_wconf 84' lang='lat' dir='ltr'><strong>sa.</strong></span> <span class='ocrx_word' id='word_1_197' title='bbox 1684 2457 1779 2519; x_wconf 76' lang='lat' dir='ltr'><strong>vie,</strong></span> <span class='ocrx_word' id='word_1_198' title='bbox 1805 2459 1953 2505; x_wconf 71' lang='lat' dir='ltr'><strong>ecrite</strong></span> <span class='ocrx_word' id='word_1_199' title='bbox 1983 2473 2071 2520; x_wconf 85' lang='lat' dir='ltr'><strong>par</strong></span> <span class='ocrx_word' id='word_1_200' title='bbox 2099 2458 2211 2505; x_wconf 85' lang='lat' dir='ltr'><strong>lui-</strong></span> 
     </span>
     <span class='ocr_line' id='line_1_23' title="bbox 364 2543 2212 2607; baseline -0.001 -14"><span class='ocrx_word' id='word_1_201' title='bbox 364 2548 539 2605; x_wconf 68' lang='lat' dir='ltr'><strong>meme,</strong></span> <span class='ocrx_word' id='word_1_202' title='bbox 564 2562 624 2595; x_wconf 90' lang='lat' dir='ltr'><strong>en</strong></span> <span class='ocrx_word' id='word_1_203' title='bbox 661 2546 782 2595; x_wconf 83' lang='lat' dir='ltr'><strong>trois</strong></span> <span class='ocrx_word' id='word_1_204' title='bbox 804 2546 982 2603; x_wconf 84' lang='lat' dir='ltr'><strong>livres;</strong></span> <span class='ocrx_word' id='word_1_205' title='bbox 1021 2547 1114 2595; x_wconf 90' lang='lat' dir='ltr'><strong>elle</strong></span> <span class='ocrx_word' id='word_1_206' title='bbox 1147 2553 1220 2594; x_wconf 86' lang='lat' dir='ltr'><strong>est</strong></span> <span class='ocrx_word' id='word_1_207' title='bbox 1252 2545 1418 2593; x_wconf 74' lang='lat' dir='ltr'><strong>dediee</strong></span> <span class='ocrx_word' id='word_1_208' title='bbox 1452 2547 1484 2593; x_wconf 65' lang='lat' dir='ltr'><strong>a</strong></span> <span class='ocrx_word' id='word_1_209' title='bbox 1517 2544 1573 2595; x_wconf 75' lang='lat' dir='ltr'><strong>L.</strong></span> <span class='ocrx_word' id='word_1_210' title='bbox 1602 2543 1822 2595; x_wconf 80' lang='lat' dir='ltr'><strong>Fufidius</strong></span> <span class='ocrx_word' id='word_1_211' title='bbox 1848 2546 1929 2607; x_wconf 91' lang='lat' dir='ltr'><strong>qui</strong></span> <span class='ocrx_word' id='word_1_212' title='bbox 1968 2552 2051 2593; x_wconf 83' lang='lat' dir='ltr'><strong>eut</strong></span> <span class='ocrx_word' id='word_1_213' title='bbox 2080 2545 2212 2593; x_wconf 83' lang='lat' dir='ltr'><strong>aussi</strong></span> 
     </span>
     <span class='ocr_line' id='line_1_24' title="bbox 364 2630 2214 2698; baseline 0 -18"><span class='ocrx_word' id='word_1_214' title='bbox 364 2634 572 2697; x_wconf 85' lang='lat' dir='ltr'><strong>quelque</strong></span> <span class='ocrx_word' id='word_1_215' title='bbox 597 2635 871 2698; x_wconf 74' lang='lat' dir='ltr'><strong>reputation</strong></span> <span class='ocrx_word' id='word_1_216' title='bbox 895 2649 959 2680; x_wconf 89' lang='lat' dir='ltr'><strong>au</strong></span> <span class='ocrx_word' id='word_1_217' title='bbox 987 2634 1211 2682; x_wconf 85' lang='lat' dir='ltr'><strong>barreau.</strong></span> <span class='ocrx_word' id='word_1_218' title='bbox 1243 2632 1490 2680; x_wconf 82' lang='lat' dir='ltr'><strong>Personne</strong></span> <span class='ocrx_word' id='word_1_219' title='bbox 1512 2647 1573 2680; x_wconf 91' lang='lat' dir='ltr'><strong>ne</strong></span> <span class='ocrx_word' id='word_1_220' title='bbox 1594 2633 1646 2680; x_wconf 82' lang='lat' dir='ltr'><strong>la.</strong></span> <span class='ocrx_word' id='word_1_221' title='bbox 1665 2631 1745 2695; x_wconf 81' lang='lat' dir='ltr'><strong>lit,</strong></span> <span class='ocrx_word' id='word_1_222' title='bbox 1769 2632 1960 2695; x_wconf 76' lang='lat' dir='ltr'><strong>malgre</strong></span> <span class='ocrx_word' id='word_1_223' title='bbox 1987 2632 2033 2680; x_wconf 92' lang='lat' dir='ltr'><strong>le</strong></span> <span class='ocrx_word' id='word_1_224' title='bbox 2066 2630 2214 2697; x_wconf 80' lang='lat' dir='ltr'><strong>profit</strong></span> 
     </span>
     <span class='ocr_line' id='line_1_25' title="bbox 362 2704 2213 2785; baseline 0 -18"><span class='ocrx_word' id='word_1_225' title='bbox 362 2722 513 2782; x_wconf 88' lang='lat' dir='ltr'><strong>qu&#39;on</strong></span> <span class='ocrx_word' id='word_1_226' title='bbox 535 2737 595 2770; x_wconf 89' lang='lat' dir='ltr'><strong>en</strong></span> <span class='ocrx_word' id='word_1_227' title='bbox 617 2722 838 2785; x_wconf 82' lang='lat' dir='ltr'><strong>pourrait</strong></span> <span class='ocrx_word' id='word_1_228' title='bbox 858 2723 1002 2778; x_wconf 85' lang='lat' dir='ltr'><strong>tirer;</strong></span> <span class='ocrx_word' id='word_1_229' title='bbox 1027 2730 1075 2768; x_wconf 87' lang='lat' dir='ltr'><strong>et</strong></span> <span class='ocrx_word' id='word_1_230' title='bbox 1094 2705 1364 2782; x_wconf 63' lang='lat' dir='ltr'><strong>cepehdant</strong></span> <span class='ocrx_word' id='word_1_231' title='bbox 1382 2735 1447 2768; x_wconf 89' lang='lat' dir='ltr'><strong>on</strong></span> <span class='ocrx_word' id='word_1_232' title='bbox 1472 2719 1534 2768; x_wconf 82' lang='lat' dir='ltr'><strong>lit</strong></span> <span class='ocrx_word' id='word_1_233' title='bbox 1561 2721 1612 2768; x_wconf 87' lang='lat' dir='ltr'><strong>la</strong></span> <span class='ocrx_word' id='word_1_234' title='bbox 1634 2720 1731 2770; x_wconf 89' lang='lat' dir='ltr'><strong>Vie</strong></span> <span class='ocrx_word' id='word_1_235' title='bbox 1748 2728 1796 2768; x_wconf 86' lang='lat' dir='ltr'><strong>et</strong></span> <span class='ocrx_word' id='word_1_236' title='bbox 1817 2704 2129 2768; x_wconf 60' lang='lat' dir='ltr'><strong>l&#39;lfiducation</strong></span> <span class='ocrx_word' id='word_1_237' title='bbox 2152 2718 2213 2767; x_wconf 83' lang='lat' dir='ltr'><strong>de</strong></span> 
     </span>
     <span class='ocr_line' id='line_1_26' title="bbox 365 2806 2214 2872; baseline -0.002 -14"><span class='ocrx_word' id='word_1_238' title='bbox 365 2807 540 2871; x_wconf 83' lang='lat' dir='ltr'><strong>Cyrus,</strong></span> <span class='ocrx_word' id='word_1_239' title='bbox 574 2823 790 2872; x_wconf 76' lang='lat' dir='ltr'><strong>ouvrage</strong></span> <span class='ocrx_word' id='word_1_240' title='bbox 814 2809 1058 2857; x_wconf 75' lang='lat' dir='ltr'><strong>tres-beau</strong></span> <span class='ocrx_word' id='word_1_241' title='bbox 1095 2823 1208 2857; x_wconf 86' lang='lat' dir='ltr'><strong>sans</strong></span> <span class='ocrx_word' id='word_1_242' title='bbox 1244 2808 1413 2867; x_wconf 77' lang='lat' dir='ltr'><strong>-dcute,</strong></span> <span class='ocrx_word' id='word_1_243' title='bbox 1450 2807 1575 2856; x_wconf 85' lang='lat' dir='ltr'><strong>mais</strong></span> <span class='ocrx_word' id='word_1_244' title='bbox 1596 2806 1755 2856; x_wconf 85' lang='lat' dir='ltr'><strong>moins</strong></span> <span class='ocrx_word' id='word_1_245' title='bbox 1777 2807 2031 2870; x_wconf 63' lang='lat' dir='ltr'><strong>appropria</strong></span> <span class='ocrx_word' id='word_1_246' title='bbox 2055 2808 2087 2854; x_wconf 71' lang='lat' dir='ltr'><strong>a</strong></span> <span class='ocrx_word' id='word_1_247' title='bbox 2122 2819 2214 2855; x_wconf 84' lang='lat' dir='ltr'><strong>nos</strong></span> 
     </span>
     <span class='ocr_line' id='line_1_27' title="bbox 365 2893 2093 2958; baseline -0.001 -15"><span class='ocrx_word' id='word_1_248' title='bbox 365 2908 567 2950; x_wconf 69' lang='lat' dir='ltr'><strong>inmuta,</strong></span> <span class='ocrx_word' id='word_1_249' title='bbox 593 2902 642 2942; x_wconf 86' lang='lat' dir='ltr'><strong>et</strong></span> <span class='ocrx_word' id='word_1_250' title='bbox 656 2896 739 2957; x_wconf 91' lang='lat' dir='ltr'><strong>qui</strong></span> <span class='ocrx_word' id='word_1_251' title='bbox 764 2910 825 2942; x_wconf 87' lang='lat' dir='ltr'><strong>en</strong></span> <span class='ocrx_word' id='word_1_252' title='bbox 855 2895 1006 2943; x_wconf 74' lang='lat' dir='ltr'><strong>verite</strong></span> <span class='ocrx_word' id='word_1_253' title='bbox 1026 2896 1150 2942; x_wconf 77' lang='lat' dir='ltr'><strong>n’est</strong></span> <span class='ocrx_word' id='word_1_254' title='bbox 1175 2910 1264 2958; x_wconf 87' lang='lat' dir='ltr'><strong>pas</strong></span> <span class='ocrx_word' id='word_1_255' title='bbox 1281 2894 1551 2957; x_wconf 72' lang='lat' dir='ltr'><strong>preferable</strong></span> <span class='ocrx_word' id='word_1_256' title='bbox 1573 2896 1605 2942; x_wconf 69' lang='lat' dir='ltr'><strong>a</strong></span> <span class='ocrx_word' id='word_1_257' title='bbox 1636 2893 1763 2943; x_wconf 87' lang='lat' dir='ltr'><strong>celui</strong></span> <span class='ocrx_word' id='word_1_258' title='bbox 1786 2893 1846 2942; x_wconf 90' lang='lat' dir='ltr'><strong>de</strong></span> <span class='ocrx_word' id='word_1_259' title='bbox 1863 2893 2093 2943; x_wconf 86' lang='lat' dir='ltr'><strong>Scaurus.</strong></span> 
     </span>
     <span class='ocr_line' id='line_1_28' title="bbox 430 2981 2213 3046; baseline -0.002 -14"><span class='ocrx_word' id='word_1_260' title='bbox 430 2983 594 3033; x_wconf 83' lang='lat' dir='ltr'>XXX.</span> <span class='ocrx_word' id='word_1_261' title='bbox 620 2982 788 3045; x_wconf 82' lang='lat' dir='ltr'><strong>Quant</strong></span> <span class='ocrx_word' id='word_1_262' title='bbox 808 2988 839 3032; x_wconf 75' lang='lat' dir='ltr'><strong>a</strong></span> <span class='ocrx_word' id='word_1_263' title='bbox 864 2983 1099 3043; x_wconf 82' lang='lat' dir='ltr'><strong>Rutilius,</strong></span> <span class='ocrx_word' id='word_1_264' title='bbox 1137 2998 1194 3033; x_wconf 87' lang='lat' dir='ltr'><strong>sa</strong></span> <span class='ocrx_word' id='word_1_265' title='bbox 1213 2984 1431 3031; x_wconf 75' lang='lat' dir='ltr'><strong>maniere</strong></span> <span class='ocrx_word' id='word_1_266' title='bbox 1470 2983 1602 3031; x_wconf 81' lang='lat' dir='ltr'><strong>avait</strong></span> <span class='ocrx_word' id='word_1_267' title='bbox 1636 2982 1842 3046; x_wconf 86' lang='lat' dir='ltr'><strong>quelque</strong></span> <span class='ocrx_word' id='word_1_268' title='bbox 1872 2981 2017 3032; x_wconf 81' lang='lat' dir='ltr'><strong>chose</strong></span> <span class='ocrx_word' id='word_1_269' title='bbox 2050 2981 2111 3029; x_wconf 88' lang='lat' dir='ltr'><strong>de</strong></span> <span class='ocrx_word' id='word_1_270' title='bbox 2131 2982 2213 3029; x_wconf 70' lang='lat' dir='ltr'><strong>se-</strong></span> 
     </span>
     <span class='ocr_line' id='line_1_29' title="bbox 362 3070 2215 3122; baseline -0.002 -1"><span class='ocrx_word' id='word_1_271' title='bbox 362 3071 504 3121; x_wconf 80' lang='lat' dir='ltr'><strong>rieux</strong></span> <span class='ocrx_word' id='word_1_272' title='bbox 528 3082 574 3120; x_wconf 88' lang='lat' dir='ltr'><strong>et</strong></span> <span class='ocrx_word' id='word_1_273' title='bbox 600 3071 855 3122; x_wconf 69' lang='lat' dir='ltr'><strong>d’austere.</strong></span> <span class='ocrx_word' id='word_1_274' title='bbox 880 3071 1092 3121; x_wconf 78' lang='lat' dir='ltr'><strong>Scaurus</strong></span> <span class='ocrx_word' id='word_1_275' title='bbox 1116 3077 1164 3120; x_wconf 80' lang='lat' dir='ltr'><strong>et</strong></span> <span class='ocrx_word' id='word_1_276' title='bbox 1187 3073 1257 3120; x_wconf 89' lang='lat' dir='ltr'><strong>lui</strong></span> <span class='ocrx_word' id='word_1_277' title='bbox 1281 3073 1463 3120; x_wconf 82' lang='lat' dir='ltr'><strong>e&#39;taient</strong></span> <span class='ocrx_word' id='word_1_278' title='bbox 1485 3071 1590 3122; x_wconf 89' lang='lat' dir='ltr'><strong>l’un</strong></span> <span class='ocrx_word' id='word_1_279' title='bbox 1617 3078 1666 3120; x_wconf 83' lang='lat' dir='ltr'><strong>et</strong></span> <span class='ocrx_word' id='word_1_280' title='bbox 1688 3071 1868 3120; x_wconf 81' lang='lat' dir='ltr'><strong>l’uutre</strong></span> <span class='ocrx_word' id='word_1_281' title='bbox 1898 3070 2017 3118; x_wconf 89' lang='lat' dir='ltr'><strong>d&#39;un</strong></span> <span class='ocrx_word' id='word_1_282' title='bbox 2046 3084 2215 3118; x_wconf 87' lang='lat' dir='ltr'><strong>carac-</strong></span> 
     </span>
     <span class='ocr_line' id='line_1_30' title="bbox 363 3156 2215 3223; baseline -0.003 -13"><span class='ocrx_word' id='word_1_283' title='bbox 363 3163 465 3210; x_wconf 75' lang='lat' dir='ltr'><strong>tere</strong></span> <span class='ocrx_word' id='word_1_284' title='bbox 489 3161 670 3209; x_wconf 83' lang='lat' dir='ltr'><strong>violent</strong></span> <span class='ocrx_word' id='word_1_285' title='bbox 693 3168 741 3208; x_wconf 88' lang='lat' dir='ltr'><strong>et</strong></span> <span class='ocrx_word' id='word_1_286' title='bbox 770 3160 1014 3209; x_wconf 84' lang='lat' dir='ltr'><strong>irascible.</strong></span> <span class='ocrx_word' id='word_1_287' title='bbox 1033 3160 1182 3209; x_wconf 80' lang='lat' dir='ltr'><strong>Aussi</strong></span> <span class='ocrx_word' id='word_1_288' title='bbox 1211 3164 1325 3210; x_wconf 79' lang='lat' dir='ltr'><strong>tous</strong></span> <span class='ocrx_word' id='word_1_289' title='bbox 1356 3159 1487 3209; x_wconf 86' lang='lat' dir='ltr'><strong>deux</strong></span> <span class='ocrx_word' id='word_1_290' title='bbox 1518 3163 1671 3223; x_wconf 79' lang='lat' dir='ltr'><strong>ayant</strong></span> <span class='ocrx_word' id='word_1_291' title='bbox 1708 3156 1943 3208; x_wconf 74' lang='lat' dir='ltr'><strong>demande</strong></span> <span class='ocrx_word' id='word_1_292' title='bbox 1965 3172 2025 3206; x_wconf 88' lang='lat' dir='ltr'><strong>en</strong></span> <span class='ocrx_word' id='word_1_293' title='bbox 2056 3160 2215 3205; x_wconf 69' lang='lat' dir='ltr'><strong>meme</strong></span> 
     </span>
     <span class='ocr_line' id='line_1_31' title="bbox 363 3244 2213 3312; baseline -0.003 -15"><span class='ocrx_word' id='word_1_294' title='bbox 363 3257 522 3312; x_wconf 76' lang='lat' dir='ltr'><strong>temps</strong></span> <span class='ocrx_word' id='word_1_295' title='bbox 544 3249 592 3296; x_wconf 86' lang='lat' dir='ltr'><strong>le</strong></span> <span class='ocrx_word' id='word_1_296' title='bbox 609 3247 851 3312; x_wconf 81' lang='lat' dir='ltr'><strong>consulat,</strong></span> <span class='ocrx_word' id='word_1_297' title='bbox 875 3247 1005 3296; x_wconf 87' lang='lat' dir='ltr'><strong>celui</strong></span> <span class='ocrx_word' id='word_1_298' title='bbox 1032 3248 1118 3310; x_wconf 89' lang='lat' dir='ltr'><strong>qui</strong></span> <span class='ocrx_word' id='word_1_299' title='bbox 1157 3248 1235 3297; x_wconf 83' lang='lat' dir='ltr'><strong>fut</strong></span> <span class='ocrx_word' id='word_1_300' title='bbox 1266 3247 1494 3312; x_wconf 78' lang='lat' dir='ltr'><strong>repousse</strong></span> <span class='ocrx_word' id='word_1_301' title='bbox 1523 3260 1586 3295; x_wconf 86' lang='lat' dir='ltr'><strong>ne</strong></span> <span class='ocrx_word' id='word_1_302' title='bbox 1613 3260 1830 3308; x_wconf 84' lang='lat' dir='ltr'><strong>manqua</strong></span> <span class='ocrx_word' id='word_1_303' title='bbox 1851 3260 1938 3309; x_wconf 85' lang='lat' dir='ltr'><strong>pas</strong></span> <span class='ocrx_word' id='word_1_304' title='bbox 1964 3244 2213 3292; x_wconf 84' lang='lat' dir='ltr'><strong>‹l’accuser</strong></span> 
     </span>
     <span class='ocr_line' id='line_1_32' title="bbox 364 3333 2211 3401; baseline -0.004 -15"><span class='ocrx_word' id='word_1_305' title='bbox 364 3337 427 3386; x_wconf 88' lang='lat' dir='ltr'><strong>de</strong></span> <span class='ocrx_word' id='word_1_306' title='bbox 446 3337 622 3401; x_wconf 77' lang='lat' dir='ltr'><strong>brigue</strong></span> <span class='ocrx_word' id='word_1_307' title='bbox 642 3352 729 3385; x_wconf 90' lang='lat' dir='ltr'><strong>son</strong></span> <span class='ocrx_word' id='word_1_308' title='bbox 750 3335 968 3384; x_wconf 84' lang='lat' dir='ltr'><strong>heureux</strong></span> <span class='ocrx_word' id='word_1_309' title='bbox 986 3338 1331 3400; x_wconf 75' lang='lat' dir='ltr'><strong>competiteur3</strong></span> <span class='ocrx_word' id='word_1_310' title='bbox 1354 3342 1404 3384; x_wconf 82' lang='lat' dir='ltr'><strong>et</strong></span> <span class='ocrx_word' id='word_1_311' title='bbox 1424 3334 1610 3383; x_wconf 68' lang='lat' dir='ltr'><strong>bientdt</strong></span> <span class='ocrx_word' id='word_1_312' title='bbox 1630 3333 1856 3396; x_wconf 75' lang='lat' dir='ltr'><strong>Scaurus,</strong></span> <span class='ocrx_word' id='word_1_313' title='bbox 1884 3334 2079 3389; x_wconf 73' lang='lat' dir='ltr'><strong>absone,</strong></span> <span class='ocrx_word' id='word_1_314' title='bbox 2103 3338 2211 3379; x_wconf 81' lang='lat' dir='ltr'><strong>tra-</strong></span> 
     </span>
     <span class='ocr_line' id='line_1_33' title="bbox 364 3421 2211 3488; baseline -0.003 -17"><span class='ocrx_word' id='word_1_315' title='bbox 364 3423 517 3472; x_wconf 82' lang='lat' dir='ltr'><strong>duisit</strong></span> <span class='ocrx_word' id='word_1_316' title='bbox 537 3425 569 3471; x_wconf 65' lang='lat' dir='ltr'><strong>a</strong></span> <span class='ocrx_word' id='word_1_317' title='bbox 589 3438 677 3472; x_wconf 84' lang='lat' dir='ltr'><strong>sou</strong></span> <span class='ocrx_word' id='word_1_318' title='bbox 704 3430 815 3472; x_wconf 85' lang='lat' dir='ltr'><strong>tour</strong></span> <span class='ocrx_word' id='word_1_319' title='bbox 841 3422 1055 3472; x_wconf 85' lang='lat' dir='ltr'><strong>Rutilius</strong></span> <span class='ocrx_word' id='word_1_320' title='bbox 1076 3439 1138 3472; x_wconf 91' lang='lat' dir='ltr'><strong>en</strong></span> <span class='ocrx_word' id='word_1_321' title='bbox 1158 3424 1355 3488; x_wconf 85' lang='lat' dir='ltr'><strong>justice.</strong></span> <span class='ocrx_word' id='word_1_322' title='bbox 1396 3422 1614 3472; x_wconf 83' lang='lat' dir='ltr'><strong>Rutilius</strong></span> <span class='ocrx_word' id='word_1_323' title='bbox 1645 3423 1764 3470; x_wconf 69' lang='lat' dir='ltr'><strong>etait</strong></span> <span class='ocrx_word' id='word_1_324' title='bbox 1800 3421 1898 3468; x_wconf 84' lang='lat' dir='ltr'><strong>fort</strong></span> <span class='ocrx_word' id='word_1_325' title='bbox 1938 3421 2115 3482; x_wconf 75' lang='lat' dir='ltr'><strong>occupe</strong></span> <span class='ocrx_word' id='word_1_326' title='bbox 2146 3433 2211 3465; x_wconf 78' lang='lat' dir='ltr'><strong>au</strong></span> 
     </span>
     <span class='ocr_line' id='line_1_34' title="bbox 364 3505 2209 3576; baseline -0.002 -19"><span class='ocrx_word' id='word_1_327' title='bbox 364 3510 587 3574; x_wconf 85' lang='lat' dir='ltr'><strong>barreau,</strong></span> <span class='ocrx_word' id='word_1_328' title='bbox 613 3517 662 3561; x_wconf 84' lang='lat' dir='ltr'><strong>et</strong></span> <span class='ocrx_word' id='word_1_329' title='bbox 682 3520 805 3561; x_wconf 84' lang='lat' dir='ltr'><strong>cette</strong></span> <span class='ocrx_word' id='word_1_330' title='bbox 821 3511 1010 3576; x_wconf 83' lang='lat' dir='ltr'><strong>grande</strong></span> <span class='ocrx_word' id='word_1_331' title='bbox 1030 3512 1224 3561; x_wconf 76' lang='lat' dir='ltr'><strong>activite</strong></span> <span class='ocrx_word' id='word_1_332' title='bbox 1245 3512 1320 3560; x_wconf 90' lang='lat' dir='ltr'><strong>lui</strong></span> <span class='ocrx_word' id='word_1_333' title='bbox 1341 3510 1505 3559; x_wconf 84' lang='lat' dir='ltr'><strong>faisait</strong></span> <span class='ocrx_word' id='word_1_334' title='bbox 1530 3508 1750 3557; x_wconf 83' lang='lat' dir='ltr'><strong>d’autant</strong></span> <span class='ocrx_word' id='word_1_335' title='bbox 1779 3508 1890 3572; x_wconf 82' lang='lat' dir='ltr'><strong>plus</strong></span> <span class='ocrx_word' id='word_1_336' title='bbox 1915 3505 2209 3565; x_wconf 82' lang='lat' dir='ltr'><strong>d&#39;honneur,</strong></span> 
     </span>
    </p>
   </div>
  </div>
 </body>
</html>
