2592 4084
316 464 484 526 paullo
505 470 642 526 postz

242 566 249 571 .
315 530 567 578 voluimus
586 536 747 576 autem
771 528 866 575 hoc
887 529 994 575 loco

314 596 565 643 includere
589 603 779 643 aetatem
802 594 908 657 ejus

317 662 370 709 in
396 670 590 709 aetatem
616 672 864 709 oratorum

319 729 565 791 disparem
592 743 604 774 ι

316 809 599 855 quanquam
629 792 723 840 fuit
744 807 934 839 necesse

316 861 372 907 id
396 859 590 922 quidem
617 859 779 906 venite

315 941 412 974 usu
447 927 672 973 omnibus

315 993 498 1053 quibus
519 990 723 1054 contigit

317 1059 424 1105 vita
443 1059 611 1120 paullo
633 1057 846 1120 longior,

316 1132 376 1171 ut
395 1132 789 1186 compararentur
901 1122 1057 1187 [natu‚

314 1197 368 1236 et
422 1204 532 1236 cum
590 1189 744 1237 multo
790 1187 1057 1250 majoribus

270 1258 275 1263 '
322 1270 468 1316 quam
497 1263 654 1302 essent
675 1255 787 1317 ipsi,

317 1332 367 1368 et
379 1337 490 1368 cum
502 1322 754 1382 aliquanto
763 1321 1056 1369 minoribus,

316 1387 387 1436 Ut
409 1389 572 1434 Attius
595 1390 664 1434 ait
690 1434 695 1439 ,

316 1467 368 1500 se
392 1460 439 1501 et
459 1454 726 1500 Pacuvium

318 1519 542 1566 docuisse
568 1520 800 1579 fabulam,

314 1585 486 1632 iisdem
520 1586 758 1640 aedilibus,

314 1665 467 1712 quum
488 1652 572 1698 ille
596 1660 741 1699 natus
759 1662 883 1697 esset

317 1718 568 1778 octoginta
601 1732 755 1765 annos

314 1783 419 1844 ipse
441 1784 673 1844 triginta3

317 1850 388 1895 sic
411 1849 702 1896 Hortensius
734 1849 1060 1911 conjungitur

316 1929 417 1961 non
439 1915 598 1960 solum

315 1994 432 2026 cum
456 1983 556 2026 suis
570 1980 854 2040 aequalibus,

320 2046 404 2090 sed
427 2052 477 2090 et
499 2059 611 2091 cum
633 2060 742 2092 mea
766 2053 921 2101 aetate,

318 2119 369 2157 ct
390 2125 503 2157 cnm
527 2120 628 2165 tua,
654 2112 824 2168 Brute,

318 2183 367 2222 et
381 2191 491 2222 eum
516 2177 768 2238 aliquanto
782 2176 1025 2238 superiore
1039 2193 1051 2233 3

317 2243 359 2289 si
374 2242 570 2302 quidem
597 2243 780 2290 solebat.
802 2243 958 2291 dicere

315 2314 362 2355 et
391 2308 567 2356 Crasso
596 2310 725 2365 vivo,

314 2380 362 2421 et
383 2375 485 2436 jam
508 2375 702 2438 vigebat
733 2375 891 2438 magis
911 2374 1056 2423 etiam

314 2455 427 2487 cum
460 2441 693 2497 Antonio,

315 2514 362 2553 et
393 2522 504 2554 cum
524 2506 767 2571 Philippo,
787 2507 891 2570 jam
922 2522 1052 2567 sene,

316 2573 505 2620 dicente
527 2589 614 2635 pro
638 2575 780 2622 bonis

314 2638 405 2688 Cn.
432 2639 649 2702 Pompeii
674 2656 686 2685 ε

316 2719 465 2766 quum
496 2714 618 2752 esset
642 2706 940 2764 adolescens,

313 2770 412 2817 fuit
435 2773 656 2835 princeps
681 2773 732 2819 in
762 2772 851 2820 illa
885 2788 1050 2830 causa,

314 2843 365 2883 et
390 2844 674 2898 pervenerat
696 2838 839 2884 facile

311 2918 367 2949 1n
399 2918 656 2950 numerum
681 2919 847 2951 eorum

311 2982 433 3030 quos
456 2969 597 3031 posui

312 3036 366 3081 in
390 3042 532 3082 aetate
557 3034 788 3096 Sulpicii3

312 3106 363 3148 et
382 3101 511 3148 inter
531 3116 644 3149 suos
664 3102 873 3164 aequales

311 3168 541 3228 praestitit
576 3168 723 3231 longe

310 3232 381 3280 M.
410 3234 661 3290 Pisonem,
699 3234 768 3281 M.
801 3233 1045 3290 Crassum,

308 3297 402 3345 Cn.
427 3298 708 3357 Lentulum.

311 3362 371 3410 P.
400 3363 659 3414 Lentulum
684 3365 881 3424 Suram3

313 3440 362 3475 et
383 3438 553 3477 nactus
571 3446 648 3480 me
667 3432 1017 3480 adolescentem

312 3495 551 3544 minorem
574 3503 683 3547 octo
704 3499 865 3557 annis,

1109 344 1375 388 BRUTUS.
2058 332 2174 385 253

1115 476 1308 524 un-peu
1330 462 1596 524 plus-tard3

1115 529 1241 574 mais
1260 543 1385 575 nous
1412 542 1562 575 avons
1593 528 1742 575 voulu
1765 529 1794 574 ὲ
1811 533 1933 575 cette
1953 527 2090 589 place

1113 594 1360 641 rattaeher
1384 595 1511 658 l'age
1542 593 1601 641 de
1620 594 1814 641 celui-ci

1115 661 1145 704 a
1167 674 1235 706 un
1254 663 1348 722 age
1367 658 1639 708 d'orateura

1114 724 1337 773 different
1364 741 1377 773 ε

1114 792 1325 854 quoique
1347 792 1384 839 il
1409 792 1479 839 ait
1497 793 1571 839 ete
1592 791 1856 838 necessaire

1115 858 1215 905 ceci
1243 858 1494 906 du-moins
1527 859 1714 904 arriver

1115 938 1202 984 par
1229 925 1275 972 le
1302 925 1392 972 fait
1421 927 1450 972 a
1471 932 1581 972 tous
1605 938 1728 970 ceux

1115 991 1352 1051 auxquels
1376 998 1446 1037 est
1470 990 1623 1037 echue

1114 1069 1210 1103 une
1229 1058 1307 1103 vie
1331 1072 1409 1104 un
1423 1071 1514 1118 peu
1538 1056 1650 1119 plus
1672 1056 1873 1116 longue,

1114 1136 1205 1183 que
1231 1123 1295 1171 ils
1316 1122 1505 1171 fussent
1528 1124 1776 1185 compares

1113 1194 1161 1234 et
1178 1204 1292 1236 avec
1320 1191 1403 1236 des
1428 1189 1674 1251 beaucoup
1695 1188 1808 1250 plus
1830 1188 1962 1250 figes,

1113 1254 1257 1315 qu’ils
1278 1255 1510 1302 n’etaient
1528 1257 1858 1308 eux-memes,

1112 1328 1163 1366 et
1184 1336 1302 1368 avec
1325 1321 1407 1369 des
1432 1322 1762 1383 quelque-peu
1779 1321 2106 1382 plus-jeunes.

1112 1384 1185 1433 De
1202 1389 1357 1434 meme
1382 1402 1474 1449 que
1491 1389 1656 1435 Attius
1676 1386 1750 1433 dit

1114 1451 1188 1498 soi
1201 1460 1257 1497 et
1269 1453 1514 1500 Pacuvius

1114 1519 1248 1565 avoir
1267 1518 1681 1579 fait-representet
1704 1533 1800 1566 une
1831 1518 1984 1580 pieoe,

1114 1597 1227 1630 sous
1247 1585 1319 1631 les
1337 1588 1513 1631 memes
1530 1584 1699 1641 ediles,

1113 1650 1277 1710 quand
1302 1651 1499 1698 celui-ci
1520 1651 1640 1697 etait
1658 1651 1749 1712 age

1115 1714 1172 1762 de
1196 1717 1557 1779 quatre-vingts
1575 1732 1683 1774 ans,

1113 1781 1362 1830 lui-meme
1388 1783 1445 1829 ‹le
1463 1788 1643 1839 trente;

1113 1846 1241 1894 ainsi
1263 1849 1555 1896 Hortensius
1582 1863 1633 1896 se
1654 1845 1873 1896 rattache

1111 1928 1212 1961 non
1242 1916 1511 1962 seulement

1112 1982 1141 2025 a
1161 1995 1237 2027 ses
1261 1980 1668 2042 contemporains‚

1111 2047 1234 2092 mais
1257 2046 1387 2094 aussi
1411 2049 1441 2093 a
1461 2063 1538 2094 ma
1561 2044 1863 2110 generation,

1108 2118 1156 2159 et
1186 2114 1215 2159 a
1234 2113 1282 2159 la
1309 2113 1491 2169 tienne,
1520 2113 1716 2169 Brutus,

1108 2183 1156 2224 et
1177 2180 1207 2223 a
1222 2193 1318 2225 une
1341 2181 1852 2241 un-peu-anterieure3

1110 2244 1312 2304 puisque
1336 2245 1372 2291 il
1396 2246 1527 2292 avait
1548 2252 1775 2292 coutume
1794 2243 1852 2291 de
1875 2243 2037 2307 parler

1110 2315 1158 2356 et
1180 2310 1379 2357 Crassus
1400 2314 1533 2357 etant
1553 2312 1739 2368 vivant,

1110 2384 1158 2421 et
1177 2375 1284 2437 deja
1308 2376 1343 2422 il
1371 2376 1597 2424 florissait
1618 2376 1730 2439 plus
1754 2389 1927 2424 encore

1110 2456 1225 2488 avec
1249 2442 1465 2488 Antoine

1109 2517 1157 2554 et
1180 2522 1295 2553 avec
1317 2508 1555 2570 Philippo,
1582 2507 1691 2570 deja
1713 2506 1878 2567 vient,

1110 2573 1335 2635 plaidant
1365 2589 1485 2635 pour
1506 2575 1576 2621 les
1602 2574 1741 2622 biens

1112 2639 1171 2687 de
1193 2639 1281 2688 Cn.
1303 2641 1528 2701 Pompee,

1109 2706 1317 2767 quoique
1346 2706 1385 2752 il
1415 2705 1493 2753 fut
1506 2706 1671 2768 jeune‚

1107 2771 1145 2818 il
1167 2772 1243 2818 fut
1259 2773 1305 2819 le
1335 2772 1542 2833 premier
1568 2772 1690 2820 dans
1714 2778 1837 2820 cette
1853 2786 2012 2834 cause,

998 2868 1019 2887 a
1108 2843 1158 2884 et
1179 2838 1219 2884 il
1243 2839 1361 2886 etait
1384 2854 1600 2901 parvenu
1623 2839 1900 2887 facilement

1112 2903 1233 2951 dans
1255 2905 1302 2952 le
1325 2907 1526 2952 nombre
1547 2906 1604 2952 de
1623 2920 1746 2953 ceux

1110 2984 1202 3030 que
1226 2969 1318 3032 J'ai
1343 2972 1585 3019 rattaches

1109 3037 1139 3082 a
1163 3037 1382 3099 l’epoque
1409 3038 1467 3085 de
1490 3037 1763 3100 Sulpicium

1108 3108 1156 3149 et
1173 3104 1332 3165 parmi
1354 3119 1429 3151 ses
1464 3104 1854 3166 contempni-ains

1105 3167 1143 3215 il
1168 3183 1396 3230 surpassa
1417 3169 1475 3216 de
1495 3171 1746 3232 beaucoup

1104 3233 1175 3280 M.
1194 3234 1358 3291 pison,
1381 3235 1451 3282 M.
1475 3235 1696 3296 Crassus,

1105 3300 1197 3348 Cn.
1218 3300 1476 3358 Lentulus,

1103 3365 1160 3415 P.
1190 3365 1425 3415 Lentulus
1448 3366 1597 3426 Sura;

1105 3437 1152 3477 et
1173 3439 1321 3492 ayant
1343 3436 1597 3481 rencontre
1616 3434 1715 3481 moi
1735 3430 2134 3496 jonae-homme,

1105 3498 1217 3559 plus
1232 3498 1382 3559 jeune
1400 3500 1458 3547 do
1484 3499 1594 3548 huit
1617 3514 1724 3558 ans,
