2592 4084
451 398 562 452 130
690 467 695 478 ι
1239 404 1507 447 saurus.

444 538 476 576 a
514 535 603 574 me
632 518 856 589 quidem
888 518 1051 586 (meis
1091 516 1240 572 enim
1282 516 1407 572 illas
1445 521 1761 589 antepono),
1809 518 1907 573 sed
1944 537 1976 574 a
2012 521 2291 594 plerisque

444 616 556 687 legi
596 621 726 670 sunt
777 614 989 670 de‘sitae.
1039 644 1104 656 -—
1150 618 1445 685 Enumera,
1494 614 1690 686 inquit,
1731 631 1822 669 me
1862 615 1919 671 in
1965 618 2286 689 plerisque:

438 727 755 784 quanquam
788 711 951 766 video
979 711 1116 765 mihi
1152 710 1330 766 multa
1363 711 1599 782 legenda
1631 711 1748 782 jam
1789 716 1845 767 te
1882 719 2130 786 auctore,
2166 729 2287 786 quae

438 818 600 868 antea
629 814 1066 868 contemnebam.

509 939 578 950 —
606 907 769 979 Atqui
795 907 933 979 haec,
963 907 1208 979 inquam,
1243 905 1311 962 de
1336 907 1548 962 incestu
1571 906 1797 963 laudata
1826 909 2025 977 oratio,
2060 909 2288 980 puerilis

440 1013 527 1063 est
557 1004 694 1060 locis
723 1002 951 1059 multis:
993 1004 1062 1059 de
1092 1017 1301 1075 amore,
1334 1002 1402 1059 de
1437 1004 1747 1069 tormentis,
1790 1004 1860 1060 de
1903 1020 2149 1077 rumore,
2180 1004 2287 1061 loci

420 1117 570 1174 ,sane
600 1102 828 1173 inanes;
866 1106 1271 1171 verumtamen,
1308 1101 1554 1155 nondum
1588 1100 1736 1156 tritis
1765 1105 2078 1157 nostrorum
2103 1101 2289 1156 homi—

436 1213 570 1252 uum
589 1196 834 1267 auribus,
857 1212 960 1250 nec
980 1194 1200 1250 erudita
1226 1195 1469 1265 civitate,
1494 1196 1829 1254 tolerabiles,
1856 1198 2096 1270 Scripsit
2120 1198 2287 1254 etiam

437 1294 547 1350 alia
586 1292 867 1362 nonnulla,
899 1296 955 1347 et
982 1290 1157 1347 multa
1189 1289 1349 1356 dixit,
1380 1296 1438 1346 et
1470 1289 1729 1363 illustria,
1760 1298 1812 1347 et
1840 1292 1897 1347 in
1925 1308 2157 1348 numero
2184 1307 2288 1364 pa·-

434 1395 720 1444 tronorum
741 1386 844 1442 fuit
872 1404 886 1441 ε
919 1390 980 1441 ut
1003 1399 1132 1441 eum
1153 1388 1346 1456 mirer,
1378 1402 1552 1458 quum
1584 1393 1638 1442 et
1661 1386 1776 1443 vita
1798 1387 2284 1459 suppeditavisset,

436 1488 492 1539 et
517 1483 778 1553 splendor
806 1483 857 1538 ei
884 1497 994 1538 non
1021 1482 1307 1548 defuisset,
1336 1482 1622 1538 consulem
1648 1499 1755 1537 non
1777 1483 1970 1538 fuisse.

503 1580 738 1633 XXXIII.
773 1578 884 1633 Sed
913 1593 1042 1633 ecce
1064 1577 1122 1632 in
1144 1577 1402 1633 manibus
1428 1577 1534 1648 vir,
1561 1582 1618 1632 et
1647 1576 2096 1649 praestantissimo
2120 1559 2283 1648 inge·

433 1675 547 1740 nio,
587 1682 642 1729 et
677 1673 933 1745 flagranti
974 1673 1180 1741 studi0,
1228 1679 1283 1729 et
1328 1673 1521 1729 doctus
1561 1691 1594 1729 a
1633 1690 1824 1746 puero,
1869 1676 1929 1729 C.
1977 1674 2281 1731 Gracchus.

431 1770 559 1829 Noli
594 1772 743 1828 enim
775 1778 966 1845 putare
1010 1787 1364 1844 quemquam,
1397 1777 1583 1845 Brute,
1620 1772 1922 1844 pleniorem
1957 1776 2014 1826 et
2051 1770 2279 1828 uberio-

431 1882 551 1924 rem
587 1868 657 1923 ad
705 1867 1002 1924 dicendum
1039 1866 1232 1922 fuisse.
1278 1898 1340 1909 -
1386 1872 1453 1924 Et
1494 1868 1632 1939 ille,'
1654 1868 1744 1924 Sic
1786 1883 2035 1939 prorsus,
2073 1868 2276 1941 inquit,

433 1963 713 2033 existim03
755 1969 917 2035 atque
966 1962 1134 2018 istum
1175 1963 1243 2021 de
1285 1963 1661 2035 superioribus
1702 1980 1858 2036 paene
1901 1963 2085 2019 solum
2125 1962 2277 2035 lego,

428 2155 526 2188 non
562 2139 785 2202 pas-moi,
817 2137 1099 2201 cependant,
1128 2152 1211 2187 car
1238 2139 1289 2201 je
1319 2139 1391 2188 les
1417 2148 1539 2188 mets
1561 2141 1675 2188 bien
1701 2140 1965 2188 au-dessus
1989 2140 2071 2188 des
2093 2141 2275 2189 miens.

426 2245 495 2255 —
510 2218 877 2282 Comptez-moi,
904 2218 1055 2281 reprit
1075 2218 1276 2277 Brutus,
1308 2218 1430 2267 dans
1459 2220 1505 2267 le
1527 2218 1685 2283 grand
1708 2220 1930 2267 nombre.
1954 2218 2037 2267 Au
2061 2227 2201 2281 reste,
2218 2222 2273 2282 je

425 2299 530 2347 vois
551 2300 582 2346 a
605 2299 792 2362 present
814 2312 909 2360 que
927 2298 982 2359 je
1004 2297 1110 2346 dois
1143 2299 1254 2355 lire,
1288 2314 1372 2346 sur
1409 2307 1542 2346 votre
1572 2298 1758 2360 parole,
1784 2299 1899 2346 bien
1928 2298 2011 2346 des
2033 2309 2275 2361 ouvrages

426 2376 546 2425 dont
564 2374 652 2438 j⁹ai
676 2376 770 2425 fait
790 2390 884 2440 peu
913 2376 971 2424 de
992 2391 1075 2425 cas
1088 2376 1341 2440 jusqu'ici.

491 2483 555 2494 -
580 2453 707 2515 Quoi
731 2454 853 2517 qu’il
873 2468 934 2501 en
958 2454 1069 2519 soit,
1095 2454 1245 2517 dis-je
1267 2457 1299 2503 a
1332 2470 1447 2503 mon
1480 2461 1608 2515 tour,
1642 2469 1697 2504 ce
1725 2454 1946 2503 discours
1980 2455 2023 2503 si
2046 2457 2190 2511 vante,
2212 2454 2274 2506 de

427 2527 614 2576 Curion
639 2536 712 2576 est
744 2529 899 2592 pueril
935 2543 997 2577 en
1029 2528 1282 2592 beaucoup
1315 2529 1678 2582 d’en‘droitszce
1719 2544 1812 2591 que
1843 2529 2074 2577 l’orateur
2099 2528 2173 2582 dit
2214 2530 2273 2577 de

421 2606 648 2663 l‘amour,
672 2609 729 2656 de
751 2609 803 2656 la
825 2614 1030 2666 toi-ture,
1057 2608 1140 2655 des
1169 2608 1328 2656 bruits
1351 2610 1558 2671 publice,
1583 2609 1711 2655 n'est
1744 2608 1925 2669 qu’uno
1944 2611 2068 2655 suite
2094 2607 2155 2655 de
2175 2608 2274 2655 fri-

421 2687 552 2734 volos
582 2686 717 2735 lieux
759 2702 1029 2744 commune,
1057 2687 1389 2750 supportables
1428 2687 1653 2736 toutefois
1689 2687 1810 2734 dans
1837 2701 1904 2734 uu
1936 2692 2094 2749 temps
2122 2690 2187 2735 ou
2223 2689 2269 2736 16

420 2769 557 2830 gout,
588 2769 747 2814 moins
772 2767 970 2828 delicat,
996 2768 1181 2815 u’avait
1199 2782 1287 2830 pas
1311 2783 1483 2815 encore
1504 2769 1651 2831 epure
1672 2768 1877 2816 l’oreille
1905 2767 1987 2814 des
2011 2768 2266 2815 Romains.

419 2844 603 2893 Carion
621 2859 652 2891 a
684 2845 825 2891 laisse
857 2845 1090 2906 quelques
1113 2854 1276 2892 autres
1297 2846 1463 2892 ecrite.
1502 2846 1546 2894 Il
1591 2845 1730 2908 parla
1758 2852 1977 2902 souvent‚
2004 2854 2052 2892 et
2088 2846 2166 2892 fut
2198 2862 2267 2893 un

421 2922 504 2992 des
526 2923 636 2984 plus
658 2923 867 2971 celebres
889 2931 1087 2972 avocate
1110 2924 1167 2970 de
1192 2939 1280 2971 son
1304 2931 1480 2987 temps.
1517 2925 1666 2972 Aussi
1680 2925 1733 2989 je
1766 2927 2010 2972 m'etonne
2033 2924 2269 2986 qu‘ayant

417 3003 584 3051 fourni
617 3019 713 3051 une
735 3003 943 3053 carriere
965 3018 1096 3051 assez
1120 3005 1303 3068 longue
1341 3012 1389 3051 et
1421 3019 1549 3052 assez
1575 3004 1828 3062 brillante‚
1854 3004 1893 3052 il
1927 3004 2051 3052 n'ait
2083 3005 2270 3066 jamnis

416 3082 491 3130 ete
511 3084 702 3130 consul.

484 3161 718 3210 XXXIII.
756 3162 881 3210 Mais
904 3161 1029 3210 voioi
1048 3161 1177 3210 enfin
1203 3178 1271 3209 un
1294 3161 1488 3211 homme
1523 3162 1649 3210 doue
1682 3162 1748 3211 du
1780 3162 1891 3226 plus
1926 3163 2053 3210 beau
2096 3161 2257 3234 genie,

414 3241 673 3304 passionne
703 3254 829 3303 pour
860 3240 1054 3299 l’etude,
1089 3250 1138 3288 et
1172 3240 1329 3288 forme
1365 3240 1445 3288 des
1479 3240 1719 3290 l'enfance
1733 3235 1834 3305 'par
1867 3241 1925 3289 de
1948 3245 2167 3289 savantes
2191 3240 2265 3287 le·

415 3335 565 3387 cons3
585 3321 699 3369 c’est
712 3320 767 3370 C.
783 3319 1053 3369 Gracchus.
1073 3319 1412 3371 Gardez-vous
1433 3321 1492 3369 de
1514 3324 1688 3381 croire,
1703 3322 1903 3379 Brutus,
1917 3336 2009 3383 que
2027 3334 2265 3383 personne

414 3400 487 3449 ait
507 3415 567 3449 eu
585 3400 765 3463 jamais
788 3415 885 3447 une
907 3401 1167 3462 eloquence
1188 3399 1300 3462 plus
1332 3399 1467 3448 riche
1500 3406 1548 3447 et
1580 3401 1692 3462 plus
1728 3400 2017 3448 abundante.
2045 3423 2111 3436 -—-
2132 3397 2266 3447 C'est

413 3480 548 3527 aussi
570 3480 809 3542 l’opinion
834 3494 928 3541 que
943 3479 1033 3541 j’ai
1053 3479 1110 3527 de
1133 3479 1222 3537 lui,
1249 3479 1478 3543 repondit
1500 3479 1700 3538 Brutus,
1733 3487 1780 3526 et
1811 3480 1850 3527 il
1880 3485 1952 3526 est
1977 3491 2182 3541 presque
2215 3477 2262 3524 16

415 3557 523 3605 seul
557 3557 638 3606 des
675 3557 871 3606 auciens
893 3572 987 3621 que
1004 3558 1055 3619 je
1081 3558 1191 3609 lisc.
1218 3584 1286 3595 —
1319 3557 1549 3617 Lisez-le,
1570 3557 1820 3620 teptis-je,
1843 3572 1957 3605 mon
1993 3556 2108 3605 cher
2128 3555 2260 3604 Bru-
