2592 4084
278 420 337 461 et
359 412 567 462 delector

283 480 383 527 ista
405 482 546 542 quasi
568 482 819 529 notatione

278 552 580 608 temporum,

279 621 333 658 et
363 621 486 674 puto
519 614 664 660 istam
693 613 996 675 diligentiam

279 692 390 723 esse
420 679 830 727 accommodatam

282 744 350 789 ad
371 743 444 799 id,
471 745 603 806 quod
631 746 903 802 instituisti,

280 809 590 872 distinguere

282 890 470 937 genera
493 885 743 926 oratorum

281 942 528 990 aetatibus.

281 1033 349 1042 —
379 1007 622 1071 intelligis
652 1015 799 1068 recte,

282 1074 507 1136 inquam,
523 1076 675 1123 Brute
690 1092 704 1133 ς

282 1147 432 1201 atque
460 1143 649 1190 utinam
689 1139 909 1189 carmina
937 1139 1027 1187 illa

282 1215 547 1265 exstarent,

283 1286 397 1333 qnae
419 1271 541 1321 Cato
562 1273 761 1335 reliquit
789 1273 1023 1335 scriptum

285 1338 338 1384 in
369 1336 662 1401 Originibus

284 1418 389 1451 esse
406 1407 644 1454 cantitata
664 1407 718 1455 in
744 1404 905 1469 epulis

283 1470 457 1518 multis
478 1473 652 1520 seculis

283 1546 399 1584 ante
417 1552 557 1586 suam
579 1545 771 1587 aetatem

284 1617 315 1649 a
335 1604 550 1668 singulis
571 1605 788 1653 convivis

284 1668 343 1714 de
365 1669 593 1718 laudibus

283 1736 502 1783 virorum
523 1738 767 1786 clarorum
785 1735 797 1783 l

283 1800 468 1849 Tamen
487 1803 673 1851 bellum
692 1804 933 1852 Punicum

283 1867 423 1915 illius
446 1883 590 1930 quem
612 1869 802 1918 Ennius

283 1942 540 1982 enumerat
563 1937 614 1982 in
640 1935 832 1984 vatibus

282 2007 331 2048 et
355 2001 558 2060 Faunis,

281 2065 497 2113 delectat

281 2133 425 2193 quasi
474 2147 596 2192 opus
625 2132 862 2194 Myronis.

281 2199 478 2247 Ennius
506 2199 572 2246 sit
599 2214 716 2247 sane
747 2199 1022 2263 perfectior,

281 2273 341 2312 ut
362 2273 435 2312 est
457 2275 614 2322 certe;

283 2331 327 2379 si
355 2333 439 2394 qui
468 2333 612 2379 illum
636 2337 989 2390 contemneret,

282 2406 341 2445 ut
363 2401 575 2455 simulat,

281 2480 383 2512 non
405 2465 691 2526 reliquisset,

280 2545 572 2592 persequens
588 2533 753 2579 omnia
776 2532 921 2588 bella,

282 2597 408 2643 illud
427 2601 637 2659 primum
669 2598 931 2655 Punicum,

281 2663 465 2710 bellum
484 2664 793 2711 acerrimum.

283 2728 377 2779 Sed
394 2731 498 2790 ipse
517 2729 654 2787 dicit,
680 2744 767 2778 cur
782 2730 836 2778 id
850 2731 1014 2778 faciat.

280 2796 385 2842 Alii
410 2797 638 2859 scripsere
654 2811 755 2844 rem
772 2798 1015 2857 versibus;

281 2868 331 2908 et
350 2864 649 2925 scripserunt

280 2929 532 2976 luculente
556 2928 772 2991 quidem,

282 2994 470 3042 etiamsi
496 2996 660 3043 minus
685 2994 835 3058 polite

280 3075 428 3122 quam
457 3069 528 3109 tu.

282 3128 382 3175 Nec
413 3143 527 3177 vero
557 3127 695 3176 debet
715 3126 867 3175 videri

280 3194 371 3240 tibi
392 3195 563 3249 aliter3

280 3260 366 3321 qui
393 3261 466 3308 vel
491 3260 740 3322 sumpsisti

281 3326 438 3373 multa
459 3342 489 3373 a
508 3327 698 3387 Naevio,

283 3392 326 3438 si
354 3391 547 3449 fateris3

283 3458 359 3504 vel
386 3459 677 3523 surripuisti,
716 3458 757 3506 si
779 3473 945 3522 negas.

1089 297 1350 342 BRUws.
2067 297 2140 351 77

1084 421 1131 460 et
1149 414 1199 475 je
1220 415 1321 460 suis
1346 414 1540 462 charme

1085 480 1144 524 de
1165 488 1285 526 cette
1301 486 1463 541 espece
1487 481 1546 528 de
1573 481 1853 532 distinction

1085 545 1166 592 des
1188 554 1357 606 temps.

1085 619 1133 657 et
1151 611 1203 672 je
1229 614 1357 658 crois
1385 620 1505 660 cette
1526 615 1802 662 exactitude

1081 680 1182 723 etro
1195 678 1479 739 appropriee

1086 746 1113 789 ia
1133 759 1186 789 ce
1207 758 1301 805 que
1333 755 1386 790 tu
1410 760 1462 792 as
1486 748 1740 810 entrepris,

1087 809 1362 871 distinguer

1084 876 1154 921 les
1177 891 1350 938 genre-s
1377 877 1643 924 d’orateurs

1085 942 1598 990 suivant-l’ordre-des
1622 954 1791 1006 temps.

1082 1033 1150 1044 --
1183 1007 1259 1057 Tu
1290 1010 1576 1071 comprends
1596 1011 1726 1066 bien,

1081 1073 1247 1137 dis-je,
1281 1075 1480 1135 Brutus,
1506 1098 1522 1141 3

1080 1145 1128 1187 et
1147 1141 1466 1202 plut-au-ciel
1483 1157 1575 1204 que
1597 1157 1676 1190 ces
1695 1145 1878 1191 vers-l'a

1079 1207 1436 1268 subsistassent‚

1080 1287 1173 1334 que
1199 1272 1352 1323 caton
1379 1289 1408 1320 a
1431 1275 1689 1338 consignes
1710 1277 1943 1338 par-ecrit

1082 1339 1204 1385 dans
1226 1355 1294 1386 aes
1315 1337 1543 1404 Origines

1079 1405 1214 1452 avoir
1236 1408 1311 1452 ete
1336 1406 1538 1455 obantes
1560 1406 1679 1455 dans
1701 1408 1772 1456 les
1795 1408 1966 1457 fest-ins

1077 1471 1190 1518 bien
1218 1471 1303 1518 des
1324 1472 1488 1520 siecles

1078 1544 1226 1584 avant
1247 1553 1334 1585 son
1357 1546 1512 1601 temps

1078 1618 1164 1666 par
1189 1603 1375 1665 chaque
1396 1605 1596 1652 convive

1079 1683 1140 1716 en
1163 1669 1421 1721 l’honneur

1081 1734 1163 1782 des
1189 1736 1408 1784 hommes
1432 1737 1673 1785 illustres!

1082 1801 1363 1864 Cependant
1382 1804 1431 1850 la
1450 1814 1626 1864 guerre
1647 1802 1873 1866 Punique

1085 1866 1144 1914 de
1172 1869 1296 1915 celui
1320 1884 1412 1929 que
1435 1869 1626 1918 Ennius

1083 1944 1272 1996 compte
1294 1938 1451 1996 parmi
1476 1936 1546 1984 les
1569 1933 1737 1984 devius

1083 2005 1133 2046 et
1156 1999 1226 2047 les
1245 2000 1451 2060 Fames,

1084 2065 1280 2114 charme

1084 2145 1270 2179 comme
1294 2149 1389 2181 une
1411 2148 1576 2182 oeuvre
1599 2134 1657 2185 de
1684 2135 1877 2196 Myron.

1084 2197 1370 2257 Qu‘Ennius
1389 2201 1482 2248 soit
1503 2207 1654 2249 certes
1681 2201 2004 2265 plus-parfait

1084 2277 1268 2311 comme
1294 2267 1330 2312 il
1357 2266 1491 2331 l’est3

1085 2332 1125 2376 si
1144 2331 1344 2378 celui-ci
1366 2333 1414 2378 le
1435 2333 1700 2394 mem-imit,
1767 2389 1770 2395 Ι

1082 2411 1269 2445 comme
1295 2399 1332 2444 il
1357 2398 1478 2446 seint
1498 2401 1551 2445 de
1573 2402 1613 2445 le
1641 2402 1756 2457 faire

1082 2464 1114 2509 il
1142 2463 1355 2511 n'aurait
1377 2479 1462 2527 pas
1486 2465 1867 2524 laisse-de-cote‚

1082 2543 1138 2575 en
1161 2538 1419 2577 racontant
1440 2538 1598 2578 toutes
1621 2531 1693 2577 les
1712 2546 1928 2592 guerres,

1077 2603 1198 2643 cette
1219 2598 1452 2657 premiere
1482 2612 1640 2656 guerre
1664 2598 1901 2659 Punique,

1076 2661 1127 2708 la
1147 2678 1320 2723 guerre
1342 2663 1393 2709 la
1416 2665 1524 2725 plus
1545 2664 1800 2712 achaz-nee.

1076 2727 1201 2775 Mais
1224 2730 1290 2775 lui
1299 2732 1479 2776 -meme
1497 2729 1568 2777 dit
1582 2731 1817 2792 pourquoi
1836 2731 1874 2778 il
1898 2731 1987 2780 fait
2009 2733 2128 2780 cela.

1076 2794 1301 2842 D'autres
1325 2805 1413 2843 ont
1439 2799 1637 2845 raconte
1665 2798 1713 2844 la
1734 2796 1879 2845 chose
1906 2813 1967 2845 en
1990 2812 2127 2857 vers3

1076 2868 1123 2907 et
1146 2862 1208 2908 ils
1234 2871 1319 2909 out
1337 2863 1456 2910 ecrit

1077 2926 1222 2974 d'une
1241 2928 1713 2976 muniere-brillante
1733 2931 1761 2975 s
1785 2929 1833 2976 la
1859 2931 2026 2990 verite,

1074 2994 1285 3055 quoique
1308 2995 1451 3042 d'une
1475 2995 1616 3057 facon
1640 2995 1799 3042 moins
1820 2997 1947 3057 polie

1073 3073 1165 3120 que
1188 3062 1273 3107 toi.

1075 3127 1139 3174 Et
1164 3141 1224 3174 en
1246 3127 1396 3174 verite
1419 3128 1457 3174 il
1482 3142 1542 3174 ne
1559 3128 1661 3175 doit
1679 3143 1767 3190 pas
1788 3127 1994 3175 sembler

1075 3194 1105 3238 ὲ
1127 3192 1197 3240 toi
1214 3200 1506 3249 autrement3

1074 3261 1156 3320 qui
1176 3260 1377 3307 ou-bien
1403 3275 1457 3306 as
1475 3260 1726 3322 emprunte

1071 3324 1318 3387 beaucoup
1341 3327 1371 3372 ὸ,
1386 3325 1586 3384 Nevius,

1074 3393 1111 3436 si
1144 3400 1195 3437 tu
1225 3392 1469 3454 l'avoue33

1073 3458 1281 3505 ou-bieu
1303 3457 1493 3515 derobe,
1522 3456 1562 3504 si
1588 3465 1641 3504 tu
1665 3460 1704 3504 le
1738 3456 1863 3505 nies-
